,ticker,2025-03-31 00:00:00,2024-03-31 00:00:00,2023-03-31 00:00:00,2022-03-31 00:00:00,2021-03-31 00:00:00,2025-08-31 00:00:00,2024-08-31 00:00:00,2023-08-31 00:00:00,2022-08-31 00:00:00
Tax Effect Of Unusual Items,7203,208908931000.0,85610912000.0,74823680000.0,87085600000.0,,,,,
Tax Rate For Calcs,7203,0.253,0.272,0.32,0.28,,,,,
Normalized EBITDA,7203,7924202000000.0,8802138000000.0,5522169000000.0,5533850000000.0,,,,,
Total Unusual Items,7203,825727000000.0,314746000000.0,233824000000.0,311020000000.0,,,,,
Total Unusual Items Excluding Goodwill,7203,825727000000.0,314746000000.0,233824000000.0,311020000000.0,,,,,
Net Income From Continuing Operation Net Minority Interest,7203,4765086000000.0,4944933000000.0,2451318000000.0,2850110000000.0,,,,,
Reconciled Depreciation,7203,2251233000000.0,2087066000000.0,2039904000000.0,1821880000000.0,,,,,
Reconciled Cost Of Revenue,7203,38458666000000.0,35727007000000.0,30841282000000.0,25407834000000.0,,,,,
EBITDA,7203,8749929000000.0,9116884000000.0,5755993000000.0,5844870000000.0,,,,,
EBIT,7203,6498696000000.0,7029818000000.0,3716089000000.0,4022990000000.0,,,,,
Net Interest Income,7203,245554000000.0,516350000000.0,144928000000.0,195931000000.0,,,,,
Interest Expense,7203,84106000000.0,64733000000.0,47356000000.0,32458000000.0,,,,,
Interest Income,7203,364628000000.0,454688000000.0,234102000000.0,101512000000.0,,,,,
Normalized Income,7203,4148267931000.0,4715797912000.0,2292317680000.0,2626175600000.0,,,,,
Net Income From Continuing And Discontinued Operation,7203,4765086000000.0,4944933000000.0,2451318000000.0,2850110000000.0,,,,,
Total Expenses,7203,43241118000000.0,39742390000000.0,34429272000000.0,28383811000000.0,,,,,
Total Operating Income As Reported,7203,4795586000000.0,5352934000000.0,2725025000000.0,2995697000000.0,,,,,
Diluted Average Shares,7203,13252456000.0,13512848000.0,13658382000.0,13887659000.0,,,,,
Basic Average Shares,7203,13252456000.0,13512848000.0,13658382000.0,13887347864.0,,,,,
Diluted EPS,7203,359.56,365.94,179.47,205.23,,,,,
Basic EPS,7203,359.56,365.94,179.47,205.23,,,,,
Diluted NI Availto Com Stockholders,7203,4765086000000.0,4944933000000.0,2451318000000.0,2850132000000.0,,,,,
Average Dilution Earnings,7203,,0.0,0.0,23000000.0,12569000000.0,,,,
Net Income Common Stockholders,7203,4765086000000.0,4944933000000.0,2451318000000.0,2850110000000.0,,,,,
Otherunder Preferred Stock Dividend,7203,,,,,-12569000000.0,,,,
Net Income,7203,4765086000000.0,4944933000000.0,2451318000000.0,2850110000000.0,,,,,
Minority Interests,7203,-24670000000.0,-126488000000.0,-41650000000.0,-24504000000.0,,,,,
Net Income Including Noncontrolling Interests,7203,4789755000000.0,5071421000000.0,2492967000000.0,2874614000000.0,,,,,
Net Income Continuous Operations,7203,4789755000000.0,5071421000000.0,2492967000000.0,2874614000000.0,,,,,
Tax Provision,7203,1624835000000.0,1893665000000.0,1175765000000.0,1115918000000.0,,,,,
Pretax Income,7203,6414590000000.0,6965085000000.0,3668733000000.0,3990532000000.0,,,,,
Other Income Expense,7203,1373449000000.0,1095801000000.0,798778000000.0,798905000000.0,,,,,
Other Non Operating Income Expenses,7203,-43497000000.0,17918000000.0,-78109000000.0,-72461000000.0,,,,,
Earnings From Equity Interest,7203,591219000000.0,763137000000.0,643063000000.0,560346000000.0,,,,,
Gain On Sale Of Security,7203,825727000000.0,314746000000.0,233824000000.0,311020000000.0,,,,,
Net Non Operating Interest Income Expense,7203,245554000000.0,516350000000.0,144928000000.0,195931000000.0,,,,,
Total Other Finance Cost,7203,34968000000.0,-126395000000.0,41818000000.0,-126877000000.0,,,,,
Interest Expense Non Operating,7203,84106000000.0,64733000000.0,47356000000.0,32458000000.0,,,,,
Interest Income Non Operating,7203,364628000000.0,454688000000.0,234102000000.0,101512000000.0,,,,,
Operating Income,7203,4795586000000.0,5352935000000.0,2725026000000.0,2995696000000.0,,,,,
Operating Expense,7203,4782452000000.0,4015383000000.0,3587990000000.0,2975977000000.0,,,,,
Selling General And Administration,7203,4782452000000.0,4015383000000.0,3587990000000.0,2975977000000.0,,,,,
Gross Profit,7203,9578038000000.0,9368318000000.0,6313016000000.0,5971673000000.0,,,,,
Cost Of Revenue,7203,38458666000000.0,35727007000000.0,30841282000000.0,25407834000000.0,,,,,
Total Revenue,7203,48036704000000.0,45095325000000.0,37154298000000.0,31379507000000.0,,,,,
Operating Revenue,7203,48036704000000.0,45095325000000.0,37154298000000.0,31379507000000.0,,,,,
Tax Effect Of Unusual Items,6758,16947771000.0,21991079000.0,-2243134000.0,266500000.0,,,,,
Tax Rate For Calcs,6758,0.213,0.227,0.206,0.205,,,,,
Normalized EBITDA,6758,2588022000000.0,2357762000000.0,2316373000000.0,1966036000000.0,,,,,
Total Unusual Items,6758,79567000000.0,96877000000.0,-10889000000.0,1300000000.0,,,,,
Total Unusual Items Excluding Goodwill,6758,79567000000.0,96877000000.0,-10889000000.0,1300000000.0,,,,,
Net Income From Continuing Operation Net Minority Interest,6758,1141600000000.0,970573000000.0,1005277000000.0,882178000000.0,,,,,
Reconciled Depreciation,6758,1152987000000.0,1144981000000.0,1004590000000.0,835233000000.0,,,,,
Reconciled Cost Of Revenue,6758,9294512000000.0,9695687000000.0,7739284000000.0,7219841000000.0,,,,,
EBITDA,6758,2667589000000.0,2454639000000.0,2305484000000.0,1967336000000.0,,,,,
EBIT,6758,1514602000000.0,1309658000000.0,1300894000000.0,1132103000000.0,,,,,
Net Interest Income,6758,-10680000000.0,-5703000000.0,-12269000000.0,-19839000000.0,,,,,
Interest Expense,6758,40876000000.0,40996000000.0,26398000000.0,14600000000.0,,,,,
Interest Income,6758,50925000000.0,37580000000.0,22399000000.0,6996000000.0,,,,,
Normalized Income,6758,1078980771000.0,895687079000.0,1013922866000.0,881144500000.0,,,,,
Net Income From Continuing And Discontinued Operation,6758,1141600000000.0,970573000000.0,1005277000000.0,882178000000.0,,,,,
Total Expenses,6758,11544424000000.0,11853782000000.0,9701168000000.0,8809117000000.0,,,,,
Total Operating Income As Reported,6758,1407163000000.0,1208831000000.0,1302389000000.0,1202339000000.0,,,,,
Diluted Average Shares,6758,6075064000.0,6176655000.0,6206885000.0,6256300000.0,,,,,
Basic Average Shares,6758,6049652000.0,6156210000.0,6178505000.0,6196495000.0,,,,,
Diluted EPS,6758,187.92,157.136,150.99,141.032,,,,,
Basic EPS,6758,188.71,157.658,151.676,142.368,,,,,
Diluted NI Availto Com Stockholders,6758,1141600000000.0,970573000000.0,1005328000000.0,882341000000.0,,,,,
Average Dilution Earnings,6758,0.0,0.0,51000000.0,163000000.0,,,,,
Net Income Common Stockholders,6758,1141600000000.0,970573000000.0,1005277000000.0,882178000000.0,,,,,
Net Income,6758,1141600000000.0,970573000000.0,1005277000000.0,882178000000.0,,,,,
Minority Interests,6758,-18287000000.0,-9921000000.0,-6496000000.0,-6228000000.0,,,,,
Net Income Including Noncontrolling Interests,6758,1159887000000.0,980494000000.0,1011773000000.0,888406000000.0,,,,,
Net Income Continuous Operations,6758,1159887000000.0,980494000000.0,1011773000000.0,888406000000.0,,,,,
Tax Provision,6758,313839000000.0,288168000000.0,262723000000.0,229097000000.0,,,,,
Pretax Income,6758,1473726000000.0,1268662000000.0,1274496000000.0,1117503000000.0,,,,,
Other Income Expense,6758,71766000000.0,107379000000.0,13560000000.0,24946000000.0,,,,,
Other Non Operating Income Expenses,6758,,,,69217000000.0,-8737000000.0,,,,
Special Income Charges,6758,2324000000.0,31343000000.0,4735000000.0,66297000000.0,,,,,
Gain On Sale Of Ppe,6758,-16102000000.0,4675000000.0,417000000.0,-8316000000.0,,,,,
Gain On Sale Of Business,6758,18426000000.0,26668000000.0,4318000000.0,74613000000.0,,,,,
Restructuring And Mergern Acquisition,6758,,,,,0.0,,,,
Earnings From Equity Interest,6758,-7801000000.0,10502000000.0,24449000000.0,23646000000.0,,,,,
Gain On Sale Of Security,6758,77243000000.0,65534000000.0,-15624000000.0,-64997000000.0,,,,,
Net Non Operating Interest Income Expense,6758,-10680000000.0,-5703000000.0,-12269000000.0,-19839000000.0,,,,,
Total Other Finance Cost,6758,20729000000.0,2287000000.0,8270000000.0,12235000000.0,,,,,
Interest Expense Non Operating,6758,40876000000.0,40996000000.0,26398000000.0,14600000000.0,,,,,
Interest Income Non Operating,6758,50925000000.0,37580000000.0,22399000000.0,6996000000.0,,,,,
Operating Income,6758,1412640000000.0,1166986000000.0,1273205000000.0,1112396000000.0,,,,,
Operating Expense,6758,2249912000000.0,2158095000000.0,1961884000000.0,1589276000000.0,,,,,
Other Operating Expenses,6758,-6917000000.0,1939000000.0,-7286000000.0,803000000.0,,,,,
Selling General And Administration,6758,2256829000000.0,2156156000000.0,1969170000000.0,1588473000000.0,,,,,
Gross Profit,6758,3662552000000.0,3325081000000.0,3235089000000.0,2701672000000.0,,,,,
Cost Of Revenue,6758,9294512000000.0,9695687000000.0,7739284000000.0,7219841000000.0,,,,,
Total Revenue,6758,12957064000000.0,13020768000000.0,10974373000000.0,9921513000000.0,,,,,
Operating Revenue,6758,12957064000000.0,13020768000000.0,10974373000000.0,9921513000000.0,,,,,
Tax Effect Of Unusual Items,9984,106042560000.0,203229912000.0,-164142088000.0,-530526464000.0,,,,,
Tax Rate For Calcs,9984,0.06,0.232,0.232,0.232,,,,,
Normalized EBITDA,9984,1385727000000.0,596434000000.0,1687772000000.0,2652126000000.0,,,,,
Total Unusual Items,9984,1767376000000.0,875991000000.0,-707509000000.0,-2286752000000.0,,,,,
Total Unusual Items Excluding Goodwill,9984,1767376000000.0,875991000000.0,-707509000000.0,-2286752000000.0,,,,,
Net Income From Continuing Operation Net Minority Interest,9984,1153332000000.0,-227646000000.0,-970144000000.0,-1708029000000.0,,,,,
Reconciled Depreciation,9984,866823000000.0,858620000000.0,893488000000.0,852424000000.0,,,,,
Reconciled Cost Of Revenue,9984,3489549000000.0,3214108000000.0,3242397000000.0,2955960000000.0,,,,,
EBITDA,9984,3153103000000.0,1472425000000.0,980263000000.0,365374000000.0,,,,,
EBIT,9984,2286280000000.0,613805000000.0,86775000000.0,-487050000000.0,,,,,
Net Interest Income,9984,-581559000000.0,-556004000000.0,-555902000000.0,-382512000000.0,,,,,
Interest Expense,9984,581559000000.0,556004000000.0,555902000000.0,382512000000.0,,,,,
Normalized Income,9984,-508001440000.0,-900407088000.0,-426777088000.0,48196536000.0,,,,,
Net Income From Continuing And Discontinued Operation,9984,1153332000000.0,-227646000000.0,-970144000000.0,-1708029000000.0,,,,,
Total Expenses,9984,6513958000000.0,6196491000000.0,5937725000000.0,5507682000000.0,,,,,
Diluted Average Shares,9984,5816092000.0,5859828000.0,6169895548.0,6835956000.0,,,,,
Basic Average Shares,9984,5811928000.0,5859828000.0,6169895548.0,6835956000.0,,,,,
Diluted EPS,9984,194.85,-43.55,-165.6025,-256.4175,,,,,
Basic EPS,9984,195.205,-42.7475,-163.0925,-254.645,,,,,
Diluted NI Availto Com Stockholders,9984,1153332000000.0,-227646000000.0,-970144000000.0,-1708029000000.0,,,,,
Net Income Common Stockholders,9984,1153332000000.0,-227646000000.0,-970144000000.0,-1708029000000.0,,,,,
Otherunder Preferred Stock Dividend,9984,0.0,0.0,0.0,0.0,,,,,
Net Income,9984,1153332000000.0,-227646000000.0,-970144000000.0,-1708029000000.0,,,,,
Minority Interests,9984,-449776000000.0,-436863000000.0,-180343000000.0,-245830000000.0,,,,,
Net Income Including Noncontrolling Interests,9984,1603108000000.0,209217000000.0,-789801000000.0,-1462199000000.0,,,,,
Net Income Discontinuous Operations,9984,,,,0.0,710948000000.0,,,,
Net Income Continuous Operations,9984,1603108000000.0,209217000000.0,-789801000000.0,-1462199000000.0,,,,,
Tax Provision,9984,101613000000.0,-151416000000.0,320674000000.0,592637000000.0,,,,,
Pretax Income,9984,1704721000000.0,57801000000.0,-469127000000.0,-869562000000.0,,,,,
Other Non Operating Income Expenses,9984,354251000000.0,204079000000.0,-24138000000.0,393299000000.0,,,,,
Net Non Operating Interest Income Expense,9984,-581559000000.0,-556004000000.0,-555902000000.0,-382512000000.0,,,,,
Interest Expense Non Operating,9984,581559000000.0,556004000000.0,555902000000.0,382512000000.0,,,,,
Operating Income,9984,729794000000.0,560009000000.0,632714000000.0,713852000000.0,,,,,
Operating Expense,9984,3024409000000.0,2982383000000.0,2695328000000.0,2551722000000.0,,,,,
Selling General And Administration,9984,3024409000000.0,2982383000000.0,2695328000000.0,2551722000000.0,,,,,
General And Administrative Expense,9984,3024409000000.0,2982383000000.0,2695328000000.0,2551722000000.0,,,,,
Gross Profit,9984,3754203000000.0,3542392000000.0,3328042000000.0,3265574000000.0,,,,,
Cost Of Revenue,9984,3489549000000.0,3214108000000.0,3242397000000.0,2955960000000.0,,,,,
Total Revenue,9984,7243752000000.0,6756500000000.0,6570439000000.0,6221534000000.0,,,,,
Operating Revenue,9984,7243752000000.0,6756500000000.0,6570439000000.0,6221534000000.0,,,,,
Tax Effect Of Unusual Items,9434,-487050000.0,-6733768000.0,-10944934000.0,-9673258000.0,,,,,
Tax Rate For Calcs,9434,0.255,0.268,0.242,0.329,,,,,
Normalized EBITDA,9434,1747333000000.0,1636261000000.0,1789517000000.0,1699165000000.0,,,,,
Total Unusual Items,9434,-1910000000.0,-25126000000.0,-45227000000.0,-29402000000.0,,,,,
Total Unusual Items Excluding Goodwill,9434,-1910000000.0,-25126000000.0,-45227000000.0,-29402000000.0,,,,,
Net Income From Continuing Operation Net Minority Interest,9434,526133000000.0,489074000000.0,531366000000.0,517075000000.0,,,,,
Reconciled Depreciation,9434,748014000000.0,743808000000.0,764210000000.0,745310000000.0,,,,,
Reconciled Cost Of Revenue,9434,3384115000000.0,3150653000000.0,3194085000000.0,2889116000000.0,,,,,
EBITDA,9434,1745423000000.0,1611135000000.0,1744290000000.0,1669763000000.0,,,,,
EBIT,9434,997409000000.0,867327000000.0,980080000000.0,924453000000.0,,,,,
Net Interest Income,9434,-105676000000.0,-48494000000.0,-105307000000.0,-26971000000.0,,,,,
Interest Expense,9434,117352000000.0,61415000000.0,117212000000.0,66442000000.0,,,,,
Interest Income,9434,11676000000.0,12921000000.0,11905000000.0,39471000000.0,,,,,
Normalized Income,9434,527555950000.0,507466232000.0,565648066000.0,536803742000.0,,,,,
Net Income From Continuing And Discontinued Operation,9434,526133000000.0,489074000000.0,531366000000.0,517075000000.0,,,,,
Total Expenses,9434,5555333000000.0,5207934000000.0,4851831000000.0,4725053000000.0,,,,,
Total Operating Income As Reported,9434,989016000000.0,876068000000.0,1060168000000.0,965553000000.0,,,,,
Diluted Average Shares,9434,48536254613.0,48346579676.0,47633510000.0,47797652061.0,,,,,
Basic Average Shares,9434,47873794359.0,47404671901.0,47219669210.0,47492850000.0,,,,,
Diluted EPS,9434,10.84,10.116,11.1,10.818,,,,,
Basic EPS,9434,10.99,10.317,11.253,11.004,,,,,
Diluted NI Availto Com Stockholders,9434,526133000000.0,489074000000.0,531366000000.0,517075000000.0,,,,,
Net Income Common Stockholders,9434,526133000000.0,489074000000.0,531366000000.0,517075000000.0,,,,,
Otherunder Preferred Stock Dividend,9434,0.0,0.0,0.0,0.0,,,,,
Net Income,9434,526133000000.0,489074000000.0,531366000000.0,517075000000.0,,,,,
Minority Interests,9434,-129153000000.0,-101191000000.0,-122759000000.0,-58358000000.0,,,,,
Net Income Including Noncontrolling Interests,9434,655286000000.0,590265000000.0,654125000000.0,575433000000.0,,,,,
Net Income Continuous Operations,9434,655286000000.0,590265000000.0,654125000000.0,575433000000.0,,,,,
Tax Provision,9434,224771000000.0,215647000000.0,208743000000.0,282578000000.0,,,,,
Pretax Income,9434,880057000000.0,805912000000.0,862868000000.0,858011000000.0,,,,,
Special Income Charges,9434,-1910000000.0,-25126000000.0,-45227000000.0,-29402000000.0,,,,,
Write Off,9434,1910000000.0,25126000000.0,45227000000.0,29402000000.0,,,,,
Net Non Operating Interest Income Expense,9434,-105676000000.0,-48494000000.0,-105307000000.0,-26971000000.0,,,,,
Interest Expense Non Operating,9434,117352000000.0,61415000000.0,117212000000.0,66442000000.0,,,,,
Interest Income Non Operating,9434,11676000000.0,12921000000.0,11905000000.0,39471000000.0,,,,,
Operating Income,9434,989016000000.0,876068000000.0,1060168000000.0,965553000000.0,,,,,
Operating Expense,9434,2171218000000.0,2057281000000.0,1657746000000.0,1835937000000.0,,,,,
Other Operating Expenses,9434,13822000000.0,5688000000.0,14588000000.0,2448000000.0,,,,,
Selling General And Administration,9434,2200591000000.0,2081765000000.0,1964580000000.0,1858709000000.0,,,,,
General And Administrative Expense,9434,2200591000000.0,2081765000000.0,1964580000000.0,1858709000000.0,,,,,
Gross Profit,9434,3160234000000.0,2933349000000.0,2717914000000.0,2801490000000.0,,,,,
Cost Of Revenue,9434,3384115000000.0,3150653000000.0,3194085000000.0,2889116000000.0,,,,,
Total Revenue,9434,6544349000000.0,6084002000000.0,5911999000000.0,5690606000000.0,,,,,
Operating Revenue,9434,6544349000000.0,6084002000000.0,5911999000000.0,5690606000000.0,,,,,
Tax Effect Of Unusual Items,6861,0.0,0.0,0.0,0.0,,,,,
Tax Rate For Calcs,6861,0.289,0.288,0.292233,0.29654,,,,,
Normalized EBITDA,6861,564968000000.0,508781000000.0,510438000000.0,426666000000.0,,,,,
Net Income From Continuing Operation Net Minority Interest,6861,398656000000.0,369642000000.0,362963000000.0,303360000000.0,,,,,
Reconciled Depreciation,6861,15193000000.0,13767000000.0,11523000000.0,8621000000.0,,,,,
Reconciled Cost Of Revenue,6861,171444000000.0,164782000000.0,167690000000.0,133984000000.0,,,,,
EBITDA,6861,564968000000.0,508781000000.0,510438000000.0,426666000000.0,,,,,
EBIT,6861,549775000000.0,495014000000.0,498915000000.0,418045000000.0,,,,,
Net Interest Income,6861,8968000000.0,5358000000.0,2033000000.0,561000000.0,,,,,
Interest Income,6861,8968000000.0,5358000000.0,2033000000.0,561000000.0,,,,,
Normalized Income,6861,398656000000.0,369642000000.0,362963000000.0,303360000000.0,,,,,
Net Income From Continuing And Discontinued Operation,6861,398656000000.0,369642000000.0,362963000000.0,303360000000.0,,,,,
Total Expenses,6861,509369000000.0,472273000000.0,423507000000.0,337129000000.0,,,,,
Total Operating Income As Reported,6861,549775000000.0,495014000000.0,498914000000.0,418045000000.0,,,,,
Diluted Average Shares,6861,242525414.0,242524965.0,242526077.0,242526325.0,,,,,
Basic Average Shares,6861,242525414.0,242524965.0,242526077.0,242526325.0,,,,,
Diluted EPS,6861,1643.77,1524.14,1496.6,1250.83,,,,,
Basic EPS,6861,1643.77,1524.14,1496.6,1250.83,,,,,
Diluted NI Availto Com Stockholders,6861,398656000000.0,369642000000.0,362963000000.0,303360000000.0,,,,,
Net Income Common Stockholders,6861,398656000000.0,369642000000.0,362963000000.0,303360000000.0,,,,,
Otherunder Preferred Stock Dividend,6861,0.0,0.0,0.0,0.0,,,,,
Net Income,6861,398656000000.0,369642000000.0,362963000000.0,303360000000.0,,,,,
Net Income Including Noncontrolling Interests,6861,398656000000.0,369642000000.0,362963000000.0,303360000000.0,,,,,
Net Income Continuous Operations,6861,398657000000.0,369642000000.0,362964000000.0,303360000000.0,,,,,
Tax Provision,6861,162353000000.0,149653000000.0,149866000000.0,127880000000.0,,,,,
Pretax Income,6861,561010000000.0,519295000000.0,512830000000.0,431240000000.0,,,,,
Other Non Operating Income Expenses,6861,1178000000.0,717000000.0,994000000.0,956000000.0,,,,,
Net Non Operating Interest Income Expense,6861,8968000000.0,5358000000.0,2033000000.0,561000000.0,,,,,
Interest Income Non Operating,6861,8968000000.0,5358000000.0,2033000000.0,561000000.0,,,,,
Operating Income,6861,549775000000.0,495014000000.0,498915000000.0,418045000000.0,,,,,
Operating Expense,6861,337925000000.0,307491000000.0,255817000000.0,203145000000.0,,,,,
Gross Profit,6861,887700000000.0,802505000000.0,754732000000.0,621190000000.0,,,,,
Cost Of Revenue,6861,171444000000.0,164782000000.0,167690000000.0,133984000000.0,,,,,
Total Revenue,6861,1059145000000.0,967288000000.0,922422000000.0,755174000000.0,,,,,
Operating Revenue,6861,1059145000000.0,967288000000.0,922422000000.0,755174000000.0,,,,,
Tax Effect Of Unusual Items,4503,243368000.0,3089436501.261564,53848000.0,5064906000.0,,,,,
Tax Rate For Calcs,4503,0.232,0.317354,0.254,0.209,,,,,
Normalized EBITDA,4503,246997000000.0,185079000000.0,246666000000.0,217285000000.0,,,,,
Total Unusual Items,4503,1049000000.0,9735000000.0,212000000.0,24234000000.0,,,,,
Total Unusual Items Excluding Goodwill,4503,1049000000.0,9735000000.0,212000000.0,24234000000.0,,,,,
Net Income From Continuing Operation Net Minority Interest,4503,50747000000.0,17045000000.0,98714000000.0,124086000000.0,,,,,
Reconciled Depreciation,4503,199132000000.0,157840000000.0,105738000000.0,79684000000.0,,,,,
Reconciled Cost Of Revenue,4503,349206000000.0,292485000000.0,288353000000.0,253009000000.0,,,,,
EBITDA,4503,248046000000.0,194814000000.0,246878000000.0,241519000000.0,,,,,
EBIT,4503,48914000000.0,36974000000.0,141140000000.0,161835000000.0,,,,,
Net Interest Income,4503,-9803000000.0,-550000000.0,-669000000.0,1200000000.0,,,,,
Interest Expense,4503,17677000000.0,12005000000.0,8779000000.0,4949000000.0,,,,,
Interest Income,4503,7874000000.0,11455000000.0,8110000000.0,6149000000.0,,,,,
Normalized Income,4503,49941368000.0,10399436501.261564,98555848000.0,104916906000.0,,,,,
Net Income From Continuing And Discontinued Operation,4503,50747000000.0,17045000000.0,98714000000.0,124086000000.0,,,,,
Total Expenses,4503,1872075000000.0,1584725000000.0,1387062000000.0,1165200000000.0,,,,,
Total Operating Income As Reported,4503,41039000000.0,25518000000.0,133029000000.0,155686000000.0,,,,,
Diluted Average Shares,4503,1796990085.0,1799894403.0,1825061000.0,1850602000.0,,,,,
Basic Average Shares,4503,1790017637.0,1792323870.0,1820019333.0,1849713000.0,,,,,
Diluted EPS,4503,28.24,9.47,54.09,67.05,,,,,
Basic EPS,4503,28.35,9.51,54.24,67.08,,,,,
Diluted NI Availto Com Stockholders,4503,50747000000.0,17045000000.0,98714000000.0,124086000000.0,,,,,
Net Income Common Stockholders,4503,50747000000.0,17045000000.0,98714000000.0,124086000000.0,,,,,
Otherunder Preferred Stock Dividend,4503,0.0,0.0,0.0,0.0,,,,,
Net Income,4503,50747000000.0,17045000000.0,98714000000.0,124086000000.0,,,,,
Net Income Including Noncontrolling Interests,4503,50747000000.0,17045000000.0,98714000000.0,124086000000.0,,,,,
Net Income Continuous Operations,4503,50747000000.0,17045000000.0,98714000000.0,124086000000.0,,,,,
Tax Provision,4503,-19510000000.0,7924000000.0,33647000000.0,32800000000.0,,,,,
Pretax Income,4503,31237000000.0,24969000000.0,132361000000.0,156886000000.0,,,,,
Special Income Charges,4503,1049000000.0,9735000000.0,212000000.0,24234000000.0,,,,,
Other Special Charges,4503,-1049000000.0,-9735000000.0,-212000000.0,-24234000000.0,,,,,
Net Non Operating Interest Income Expense,4503,-9803000000.0,-550000000.0,-669000000.0,1200000000.0,,,,,
Interest Expense Non Operating,4503,17677000000.0,12005000000.0,8779000000.0,4949000000.0,,,,,
Interest Income Non Operating,4503,7874000000.0,11455000000.0,8110000000.0,6149000000.0,,,,,
Operating Income,4503,40248000000.0,18947000000.0,131557000000.0,130963000000.0,,,,,
Operating Expense,4503,1522869000000.0,1292240000000.0,1098709000000.0,912191000000.0,,,,,
Other Operating Expenses,4503,235768000000.0,167814000000.0,157515000000.0,104314000000.0,,,,,
Depreciation And Amortization In Income Statement,4503,136762000000.0,98820000000.0,38436000000.0,28283000000.0,,,,,
Amortization,4503,136762000000.0,98820000000.0,38436000000.0,28283000000.0,,,,,
Depreciation Income Statement,4503,0.0,0.0,0.0,0.0,,,,,
Research And Development,4503,327651000000.0,294187000000.0,276128000000.0,246010000000.0,,,,,
Selling General And Administration,4503,843032000000.0,740110000000.0,630272000000.0,548840000000.0,,,,,
General And Administrative Expense,4503,843032000000.0,740110000000.0,630272000000.0,548840000000.0,,,,,
Gross Profit,4503,1563117000000.0,1311187000000.0,1230266000000.0,1043154000000.0,,,,,
Cost Of Revenue,4503,349206000000.0,292485000000.0,288353000000.0,253009000000.0,,,,,
Total Revenue,4503,1912323000000.0,1603672000000.0,1518619000000.0,1296163000000.0,,,,,
Operating Revenue,4503,1912323000000.0,1603672000000.0,1518619000000.0,1296163000000.0,,,,,
Tax Effect Of Unusual Items,6098,0.0,0.0,0.0,0.0,,,,,
Tax Rate For Calcs,6098,0.226,0.168,0.2612,0.222,,,,,
Normalized EBITDA,6098,647005000000.0,574581000000.0,494747000000.0,510244000000.0,,,,,
Net Income From Continuing Operation Net Minority Interest,6098,408504000000.0,353654000000.0,269799000000.0,296833000000.0,,,,,
Reconciled Depreciation,6098,109237000000.0,117481000000.0,122044000000.0,123169000000.0,,,,,
Reconciled Cost Of Revenue,6098,1471834000000.0,1451961000000.0,1432643000000.0,1221684000000.0,,,,,
EBITDA,6098,647005000000.0,574581000000.0,494747000000.0,510244000000.0,,,,,
EBIT,6098,537768000000.0,457100000000.0,372703000000.0,387075000000.0,,,,,
Net Interest Income,6098,45412000000.0,25071000000.0,20449000000.0,-1530000000.0,,,,,
Interest Expense,6098,10625000000.0,30859000000.0,4936000000.0,4326000000.0,,,,,
Interest Income,6098,56037000000.0,55930000000.0,25385000000.0,2796000000.0,,,,,
Normalized Income,6098,408504000000.0,353654000000.0,269799000000.0,296833000000.0,,,,,
Net Income From Continuing And Discontinued Operation,6098,408504000000.0,353654000000.0,269799000000.0,296833000000.0,,,,,
Total Expenses,6098,3066935000000.0,3013964000000.0,3085214000000.0,2492775000000.0,,,,,
Total Operating Income As Reported,6098,490542000000.0,402526000000.0,344303000000.0,378929000000.0,,,,,
Diluted Average Shares,6098,1522450805.0,1586603858.0,1611280000.0,1641487000.0,,,,,
Basic Average Shares,6098,1504951370.0,1564909952.0,1600299487.0,1633830000.0,,,,,
Diluted EPS,6098,268.32,222.9,167.44,180.83,,,,,
Basic EPS,6098,271.44,225.99,168.59,181.68,,,,,
Diluted NI Availto Com Stockholders,6098,408504000000.0,353654000000.0,269799000000.0,296833000000.0,,,,,
Net Income Common Stockholders,6098,408504000000.0,353654000000.0,269799000000.0,296833000000.0,,,,,
Otherunder Preferred Stock Dividend,6098,0.0,0.0,0.0,0.0,,,,,
Net Income,6098,408504000000.0,353654000000.0,269799000000.0,296833000000.0,,,,,
Minority Interests,6098,344000000.0,-942000000.0,-1872000000.0,-889000000.0,,,,,
Net Income Including Noncontrolling Interests,6098,408159000000.0,354596000000.0,271671000000.0,297722000000.0,,,,,
Net Income Continuous Operations,6098,408159000000.0,354596000000.0,271671000000.0,297722000000.0,,,,,
Tax Provision,6098,118983000000.0,71645000000.0,96096000000.0,85026000000.0,,,,,
Pretax Income,6098,527143000000.0,426241000000.0,367767000000.0,382749000000.0,,,,,
Net Non Operating Interest Income Expense,6098,45412000000.0,25071000000.0,20449000000.0,-1530000000.0,,,,,
Interest Expense Non Operating,6098,10625000000.0,30859000000.0,4936000000.0,4326000000.0,,,,,
Interest Income Non Operating,6098,56037000000.0,55930000000.0,25385000000.0,2796000000.0,,,,,
Operating Income,6098,490543000000.0,402527000000.0,344304000000.0,378929000000.0,,,,,
Operating Expense,6098,1595101000000.0,1562003000000.0,1652571000000.0,1271091000000.0,,,,,
Other Operating Expenses,6098,39834000000.0,48036000000.0,53888000000.0,23043000000.0,,,,,
Selling General And Administration,6098,1558654000000.0,1521355000000.0,1603242000000.0,1250305000000.0,,,,,
General And Administrative Expense,6098,1558654000000.0,1521355000000.0,1603242000000.0,1250305000000.0,,,,,
Gross Profit,6098,2085644000000.0,1964530000000.0,1996875000000.0,1650020000000.0,,,,,
Cost Of Revenue,6098,1471834000000.0,1451961000000.0,1432643000000.0,1221684000000.0,,,,,
Total Revenue,6098,3557478000000.0,3416492000000.0,3429519000000.0,2871705000000.0,,,,,
Operating Revenue,6098,3557478000000.0,3416492000000.0,3429519000000.0,2871705000000.0,,,,,
Tax Effect Of Unusual Items,4063,434186000.0,1803510000.0,-1237320000.0,-279972000.0,,,,,
Tax Rate For Calcs,4063,0.298,0.29,0.252,0.252,,,,,
Normalized EBITDA,4063,979005000000.0,922438000000.0,1240243000000.0,867019000000.0,,,,,
Total Unusual Items,4063,1457000000.0,6219000000.0,-4910000000.0,-1111000000.0,,,,,
Total Unusual Items Excluding Goodwill,4063,1457000000.0,6219000000.0,-4910000000.0,-1111000000.0,,,,,
Net Income From Continuing Operation Net Minority Interest,4063,534021000000.0,520140000000.0,708238000000.0,500117000000.0,,,,,
Reconciled Depreciation,4063,238357000000.0,227619000000.0,213632000000.0,168788000000.0,,,,,
Reconciled Cost Of Revenue,4063,1577127000000.0,1503728000000.0,1594717000000.0,1206425000000.0,,,,,
EBITDA,4063,980462000000.0,928657000000.0,1235333000000.0,865908000000.0,,,,,
EBIT,4063,742105000000.0,701038000000.0,1021701000000.0,697120000000.0,,,,,
Net Interest Income,4063,86732000000.0,67959000000.0,15085000000.0,1393000000.0,,,,,
Interest Expense,4063,,1501000000.0,1490000000.0,983000000.0,728000000.0,,,,
Interest Income,4063,86732000000.0,67959000000.0,16575000000.0,2376000000.0,,,,,
Normalized Income,4063,532998186000.0,515724510000.0,711910680000.0,500948028000.0,,,,,
Net Income From Continuing And Discontinued Operation,4063,534021000000.0,520140000000.0,708238000000.0,500117000000.0,,,,,
Total Expenses,4063,1819143000000.0,1713899000000.0,1810622000000.0,1398105000000.0,,,,,
Total Operating Income As Reported,4063,742105000000.0,701038000000.0,998202000000.0,676322000000.0,,,,,
Diluted Average Shares,4063,1983143939.0,2007255046.0,2037450016.0,2079056329.0,,,,,
Basic Average Shares,4063,1981378005.0,2005088470.0,2036096654.0,2077245000.0,,,,,
Diluted EPS,4063,269.28,259.13,347.61,240.55,,,,,
Basic EPS,4063,269.52,259.41,347.84,240.76,,,,,
Diluted NI Availto Com Stockholders,4063,534021000000.0,520140000000.0,708238000000.0,500117000000.0,,,,,
Net Income Common Stockholders,4063,534021000000.0,520140000000.0,708238000000.0,500117000000.0,,,,,
Otherunder Preferred Stock Dividend,4063,0.0,0.0,0.0,0.0,,,,,
Net Income,4063,534021000000.0,520140000000.0,708238000000.0,500117000000.0,,,,,
Minority Interests,4063,-46080000000.0,-45020000000.0,-55382000000.0,-24914000000.0,,,,,
Net Income Including Noncontrolling Interests,4063,580101000000.0,565160000000.0,763620000000.0,525032000000.0,,,,,
Net Income Continuous Operations,4063,580101000000.0,565160000000.0,763621000000.0,525032000000.0,,,,,
Tax Provision,4063,246128000000.0,230513000000.0,256590000000.0,171105000000.0,,,,,
Pretax Income,4063,826229000000.0,795673000000.0,1020211000000.0,696137000000.0,,,,,
Other Non Operating Income Expenses,4063,6621000000.0,6810000000.0,15030000000.0,-1872000000.0,,,,,
Special Income Charges,4063,-9546000000.0,-12959000000.0,-4910000000.0,-1111000000.0,,,,,
Other Special Charges,4063,4228000000.0,-2198000000.0,4910000000.0,1111000000.0,,,,,
Write Off,4063,2896000000.0,0.0,,3640000000.0,0.0,,,,
Restructuring And Mergern Acquisition,4063,2422000000.0,15157000000.0,0.0,,,,,,
Net Non Operating Interest Income Expense,4063,86732000000.0,67959000000.0,15085000000.0,1393000000.0,,,,,
Interest Expense Non Operating,4063,,1501000000.0,1490000000.0,983000000.0,728000000.0,,,,
Interest Income Non Operating,4063,86732000000.0,67959000000.0,16575000000.0,2376000000.0,,,,,
Operating Income,4063,742105000000.0,701038000000.0,998202000000.0,676322000000.0,,,,,
Operating Expense,4063,242016000000.0,210171000000.0,215905000000.0,191680000000.0,,,,,
Gross Profit,4063,984121000000.0,911209000000.0,1214107000000.0,868002000000.0,,,,,
Cost Of Revenue,4063,1577127000000.0,1503728000000.0,1594717000000.0,1206425000000.0,,,,,
Total Revenue,4063,2561249000000.0,2414937000000.0,2808824000000.0,2074428000000.0,,,,,
Operating Revenue,4063,2561249000000.0,2414937000000.0,2808824000000.0,2074428000000.0,,,,,
Tax Effect Of Unusual Items,8031,26041572000.0,25022980000.0,8425420000.0,793260000.0,,,,,
Tax Rate For Calcs,8031,0.188,0.17,0.172,0.195,,,,,
Normalized EBITDA,8031,1516474000000.0,1616836000000.0,1733581000000.0,1504132000000.0,,,,,
Total Unusual Items,8031,138519000000.0,147194000000.0,48985000000.0,4068000000.0,,,,,
Total Unusual Items Excluding Goodwill,8031,138519000000.0,147194000000.0,48985000000.0,4068000000.0,,,,,
Net Income From Continuing Operation Net Minority Interest,8031,900342000000.0,1063684000000.0,1130630000000.0,914722000000.0,,,,,
Reconciled Depreciation,8031,313730000000.0,293573000000.0,272689000000.0,296396000000.0,,,,,
Reconciled Cost Of Revenue,8031,13374254000000.0,12005227000000.0,12910174000000.0,10616188000000.0,,,,,
EBITDA,8031,1654993000000.0,1764030000000.0,1782566000000.0,1508200000000.0,,,,,
EBIT,8031,1341263000000.0,1470457000000.0,1509877000000.0,1211804000000.0,,,,,
Net Interest Income,8031,-114029000000.0,-103762000000.0,-66825000000.0,-27325000000.0,,,,,
Interest Expense,8031,206032000000.0,168064000000.0,114582000000.0,47324000000.0,,,,,
Interest Income,8031,92003000000.0,64302000000.0,47757000000.0,19999000000.0,,,,,
Normalized Income,8031,787864572000.0,941512980000.0,1090070420000.0,911447260000.0,,,,,
Net Income From Continuing And Discontinued Operation,8031,900342000000.0,1063684000000.0,1130630000000.0,914722000000.0,,,,,
Total Expenses,8031,14261966000000.0,12799518000000.0,13612983000000.0,11212499000000.0,,,,,
Diluted Average Shares,8031,2937781838.0,2948902843.0,3134488000.0,3258822000.0,,,,,
Basic Average Shares,8031,2935291625.0,2947227841.0,3132733106.0,3257488000.0,,,,,
Diluted EPS,8031,306.47,360.705,360.705,280.69,,,,,
Basic EPS,8031,306.73,360.91,360.91,280.805,,,,,
Diluted NI Availto Com Stockholders,8031,900342000000.0,1063684000000.0,1130630000000.0,914722000000.0,,,,,
Net Income Common Stockholders,8031,900342000000.0,1063684000000.0,1130630000000.0,914722000000.0,,,,,
Otherunder Preferred Stock Dividend,8031,0.0,0.0,0.0,0.0,,,,,
Net Income,8031,900342000000.0,1063684000000.0,1130630000000.0,914722000000.0,,,,,
Minority Interests,8031,-21214000000.0,-16795000000.0,-23997000000.0,-22948000000.0,,,,,
Net Income Including Noncontrolling Interests,8031,921556000000.0,1080479000000.0,1154627000000.0,937670000000.0,,,,,
Net Income Continuous Operations,8031,921556000000.0,1080479000000.0,1154627000000.0,937670000000.0,,,,,
Tax Provision,8031,213675000000.0,221914000000.0,240668000000.0,226810000000.0,,,,,
Pretax Income,8031,1135231000000.0,1302393000000.0,1395295000000.0,1164480000000.0,,,,,
Other Non Operating Income Expenses,8031,31717000000.0,31302000000.0,9248000000.0,14909000000.0,,,,,
Special Income Charges,8031,22171000000.0,-50869000000.0,-10539000000.0,-4637000000.0,,,,,
Other Special Charges,8031,-57989000000.0,-16166000000.0,-19436000000.0,-14480000000.0,,,,,
Impairment Of Capital Assets,8031,35818000000.0,67035000000.0,29975000000.0,19117000000.0,,,,,
Net Non Operating Interest Income Expense,8031,-114029000000.0,-103762000000.0,-66825000000.0,-27325000000.0,,,,,
Interest Expense Non Operating,8031,206032000000.0,168064000000.0,114582000000.0,47324000000.0,,,,,
Interest Income Non Operating,8031,92003000000.0,64302000000.0,47757000000.0,19999000000.0,,,,,
Operating Income,8031,400654000000.0,525424000000.0,693419000000.0,545060000000.0,,,,,
Operating Expense,8031,887712000000.0,794291000000.0,702809000000.0,596311000000.0,,,,,
Selling General And Administration,8031,887712000000.0,794291000000.0,702809000000.0,596311000000.0,,,,,
General And Administrative Expense,8031,887712000000.0,794291000000.0,702809000000.0,596311000000.0,,,,,
Gross Profit,8031,1288366000000.0,1319715000000.0,1396228000000.0,1141371000000.0,,,,,
Cost Of Revenue,8031,13374254000000.0,12005227000000.0,12910174000000.0,10616188000000.0,,,,,
Total Revenue,8031,14662620000000.0,13324942000000.0,14306402000000.0,11757559000000.0,,,,,
Operating Revenue,8031,14662620000000.0,13324942000000.0,14306402000000.0,11757559000000.0,,,,,
Tax Effect Of Unusual Items,8306,-28324784400.0,-18070018200.0,1922200000.0,-11801413000.0,,,,,
Tax Rate For Calcs,8306,0.2388,0.2333,0.0035,0.247,,,,,
Total Unusual Items,8306,-118613000000.0,-77454000000.0,549200000000.0,-47779000000.0,,,,,
Total Unusual Items Excluding Goodwill,8306,-118613000000.0,-77454000000.0,549200000000.0,-47779000000.0,,,,,
Net Income From Continuing Operation Net Minority Interest,8306,1862946000000.0,1490781000000.0,1116496000000.0,1130840000000.0,,,,,
Reconciled Depreciation,8306,415029000000.0,362367000000.0,334636000000.0,363250000000.0,,,,,
Net Interest Income,8306,2876456000000.0,2457576000000.0,2926209000000.0,2043488000000.0,,,,,
Interest Expense,8306,5591261000000.0,5011100000000.0,2372731000000.0,543952000000.0,,,,,
Interest Income,8306,8467717000000.0,7468676000000.0,5298940000000.0,2587440000000.0,,,,,
Normalized Income,8306,1953234215600.0,1550164981800.0,569218200000.0,1166817587000.0,,,,,
Net Income From Continuing And Discontinued Operation,8306,1862946000000.0,1490781000000.0,1116496000000.0,1130840000000.0,,,,,
Diluted Average Shares,8306,11642149000.0,11959977000.0,12305983851.0,12843157297.0,,,,,
Basic Average Shares,8306,11642149000.0,11959977000.0,12305714000.0,12785341295.0,,,,,
Diluted EPS,8306,159.47,124.32,90.41,88.05,,,,,
Basic EPS,8306,160.01,124.64,90.72,88.44,,,,,
Diluted NI Availto Com Stockholders,8306,1856658000000.0,1486974000000.0,1112584000000.0,1130840000000.0,,,,,
Average Dilution Earnings,8306,-6288000000.0,-3807000000.0,-3912000000.0,,-4159000000.0,,,,
Net Income Common Stockholders,8306,1862946000000.0,1490781000000.0,1116496000000.0,1130840000000.0,,,,,
Net Income,8306,1862946000000.0,1490781000000.0,1116496000000.0,1130840000000.0,,,,,
Minority Interests,8306,-78530000000.0,-80979000000.0,-83820000000.0,-75606000000.0,,,,,
Net Income Including Noncontrolling Interests,8306,1941477000000.0,1571761000000.0,1200316000000.0,1206447000000.0,,,,,
Net Income Continuous Operations,8306,1941477000000.0,1571761000000.0,1200316000000.0,1206447000000.0,,,,,
Tax Provision,8306,609156000000.0,478342000000.0,369607000000.0,283410000000.0,,,,,
Pretax Income,8306,2550634000000.0,2050104000000.0,1569923000000.0,1489857000000.0,,,,,
Special Income Charges,8306,-118613000000.0,-77454000000.0,549200000000.0,-47779000000.0,,,,,
Gain On Sale Of Business,8306,44736000000.0,-93000000.0,670108000000.0,64229000000.0,,,,,
Other Special Charges,8306,15953000000.0,46253000000.0,102741000000.0,-62125000000.0,,,,,
Write Off,8306,,,,,41240000000.0,,,,
Impairment Of Capital Assets,8306,141542000000.0,31108000000.0,18167000000.0,174133000000.0,,,,,
Restructuring And Mergern Acquisition,8306,5854000000.0,0.0,,,0.0,,,,
Gain On Sale Of Security,8306,0.0,0.0,0.0,0.0,,,,,
Depreciation Amortization Depletion Income Statement,8306,,,,,0.0,,,,
Depreciation And Amortization In Income Statement,8306,,,,,0.0,,,,
Amortization,8306,,,,,0.0,,,,
Amortization Of Intangibles Income Statement,8306,,,,,0.0,,,,
Depreciation Income Statement,8306,,,,,87305000000.0,,,,
Selling General And Administration,8306,3166035000000.0,2920875000000.0,2969325000000.0,2746840000000.0,,,,,
General And Administrative Expense,8306,3166035000000.0,2920875000000.0,2969325000000.0,2746840000000.0,,,,,
Other Gand A,8306,3166035000000.0,2920875000000.0,2969325000000.0,2746840000000.0,,,,,
Insurance And Claims,8306,,,,,90529000000.0,,,,
Salaries And Wages,8306,,,78111000000.0,0.0,1253461000000.0,,,,
Total Revenue,8306,6838439000000.0,5879775000000.0,6057232000000.0,4703324000000.0,,,,,
Operating Revenue,8306,6838439000000.0,5879775000000.0,6057232000000.0,4703324000000.0,,,,,
Occupancy And Equipment,8306,,,,,178107000000.0,,,,
Other Non Interest Expense,8306,1491383000000.0,865234000000.0,1818166000000.0,529009000000.0,,,,,
Tax Effect Of Unusual Items,8058,99483468000.0,59685168000.0,40118085000.0,3891127000.0,,,,,
Tax Rate For Calcs,8058,0.228,0.248,0.243,0.223,,,,,
Normalized EBITDA,8058,1598481000000.0,1912399000000.0,2214207000000.0,1867392000000.0,,,,,
Total Unusual Items,8058,436331000000.0,240666000000.0,165095000000.0,17449000000.0,,,,,
Total Unusual Items Excluding Goodwill,8058,436331000000.0,240666000000.0,165095000000.0,17449000000.0,,,,,
Net Income From Continuing Operation Net Minority Interest,8058,950709000000.0,964034000000.0,1180694000000.0,937529000000.0,,,,,
Reconciled Depreciation,8058,470768000000.0,599330000000.0,583294000000.0,545043000000.0,,,,,
Reconciled Cost Of Revenue,8058,16781207000000.0,17207892000000.0,19012011000000.0,15114064000000.0,,,,,
EBITDA,8058,2034812000000.0,2153065000000.0,2379302000000.0,1884841000000.0,,,,,
EBIT,8058,1564044000000.0,1553735000000.0,1796008000000.0,1339798000000.0,,,,,
Net Interest Income,8058,171977000000.0,114233000000.0,88265000000.0,139850000000.0,,,,,
Interest Expense,8058,170619000000.0,191141000000.0,115377000000.0,46682000000.0,,,,,
Interest Income,8058,342596000000.0,305374000000.0,203642000000.0,186532000000.0,,,,,
Normalized Income,8058,613861468000.0,783053168000.0,1055717085000.0,923971127000.0,,,,,
Net Income From Continuing And Discontinued Operation,8058,950709000000.0,964034000000.0,1180694000000.0,937529000000.0,,,,,
Total Expenses,8058,18246504000000.0,18900174000000.0,20619529000000.0,16546103000000.0,,,,,
Diluted Average Shares,8058,4031844784.0,4335270045.0,4396388144.0,4445688000.0,,,,,
Basic Average Shares,8058,4011938220.0,4189630595.0,4376782976.0,4428837000.0,,,,,
Diluted EPS,8058,235.8,222.37,268.56,208.576667,,,,,
Basic EPS,8058,236.97,230.1,269.76,211.686667,,,,,
Diluted NI Availto Com Stockholders,8058,950709000000.0,964034000000.0,1180694000000.0,937529000000.0,,,,,
Net Income Common Stockholders,8058,950709000000.0,964034000000.0,1180694000000.0,937529000000.0,,,,,
Otherunder Preferred Stock Dividend,8058,0.0,0.0,0.0,0.0,,,,,
Net Income,8058,950709000000.0,964034000000.0,1180694000000.0,937529000000.0,,,,,
Minority Interests,8058,-125537000000.0,-60824000000.0,-90805000000.0,-66930000000.0,,,,,
Net Income Including Noncontrolling Interests,8058,1076246000000.0,1024858000000.0,1271499000000.0,1004459000000.0,,,,,
Net Income Continuous Operations,8058,1076246000000.0,1024858000000.0,1271499000000.0,1004459000000.0,,,,,
Tax Provision,8058,317179000000.0,337736000000.0,409132000000.0,288657000000.0,,,,,
Pretax Income,8058,1393425000000.0,1362594000000.0,1680631000000.0,1293116000000.0,,,,,
Other Non Operating Income Expenses,8058,76538000000.0,-104117000000.0,-25353000000.0,23289000000.0,,,,,
Special Income Charges,8058,130702000000.0,7659000000.0,-31910000000.0,-57805000000.0,,,,,
Other Special Charges,8058,-134578000000.0,-37215000000.0,272000000.0,-6712000000.0,,,,,
Impairment Of Capital Assets,8058,3876000000.0,29556000000.0,31638000000.0,64517000000.0,,,,,
Net Non Operating Interest Income Expense,8058,171977000000.0,114233000000.0,88265000000.0,139850000000.0,,,,,
Interest Expense Non Operating,8058,170619000000.0,191141000000.0,115377000000.0,46682000000.0,,,,,
Interest Income Non Operating,8058,342596000000.0,305374000000.0,203642000000.0,186532000000.0,,,,,
Operating Income,8058,371097000000.0,667427000000.0,952444000000.0,718725000000.0,,,,,
Operating Expense,8058,1465297000000.0,1692282000000.0,1607518000000.0,1432039000000.0,,,,,
Selling General And Administration,8058,1465297000000.0,1692282000000.0,1607518000000.0,1432039000000.0,,,,,
General And Administrative Expense,8058,1465297000000.0,1692282000000.0,1607518000000.0,1432039000000.0,,,,,
Gross Profit,8058,1836394000000.0,2359709000000.0,2559962000000.0,2150764000000.0,,,,,
Cost Of Revenue,8058,16781207000000.0,17207892000000.0,19012011000000.0,15114064000000.0,,,,,
Total Revenue,8058,18617601000000.0,19567601000000.0,21571973000000.0,17264828000000.0,,,,,
Operating Revenue,8058,18617601000000.0,19567601000000.0,21571973000000.0,17264828000000.0,,,,,
Tax Effect Of Unusual Items,7267,-10002825000.0,21284480000.0,-7045176000.0,-1438931000.0,,,,,
Tax Rate For Calcs,7267,0.315,0.28,0.184,0.289,,,,,
Normalized EBITDA,7267,2147165000000.0,2420365000000.0,1675596000000.0,1703099000000.0,,,,,
Total Unusual Items,7267,-31755000000.0,76016000000.0,-38289000000.0,-4979000000.0,,,,,
Total Unusual Items Excluding Goodwill,7267,-31755000000.0,76016000000.0,-38289000000.0,-4979000000.0,,,,,
Net Income From Continuing Operation Net Minority Interest,7267,835837000000.0,1107174000000.0,651416000000.0,707067000000.0,,,,,
Reconciled Depreciation,7267,742863000000.0,794366000000.0,721630000000.0,611063000000.0,,,,,
Reconciled Cost Of Revenue,7267,17024788000000.0,16016659000000.0,13576133000000.0,11567923000000.0,,,,,
EBITDA,7267,2115410000000.0,2496381000000.0,1637307000000.0,1698120000000.0,,,,,
EBIT,7267,1372547000000.0,1702015000000.0,915677000000.0,1087057000000.0,,,,,
Net Interest Income,7267,134927000000.0,73574000000.0,19640000000.0,1425000000.0,,,,,
Interest Expense,7267,54907000000.0,59631000000.0,36112000000.0,16867000000.0,,,,,
Interest Income,7267,191131000000.0,173695000000.0,73071000000.0,25627000000.0,,,,,
Normalized Income,7267,857589175000.0,1052442480000.0,682659824000.0,710607069000.0,,,,,
Net Income From Continuing And Discontinued Operation,7267,835837000000.0,1107174000000.0,651416000000.0,707067000000.0,,,,,
Total Expenses,7267,20475281000000.0,19046825000000.0,16126956000000.0,13681464000000.0,,,,,
Total Operating Income As Reported,7267,1213486000000.0,1381977000000.0,780769000000.0,871232000000.0,,,,,
Diluted Average Shares,7267,4671383489.0,4901560332.0,5088921345.0,5159885505.0,,,,,
Basic Average Shares,7267,4671383489.0,4901560332.0,5088921345.0,5159885505.0,,,,,
Diluted EPS,7267,178.93,225.88,136.623333,137.03,,,,,
Basic EPS,7267,178.93,225.88,136.623333,137.03,,,,,
Diluted NI Availto Com Stockholders,7267,835837000000.0,1107174000000.0,651416000000.0,707067000000.0,,,,,
Net Income Common Stockholders,7267,835837000000.0,1107174000000.0,651416000000.0,707067000000.0,,,,,
Net Income,7267,835837000000.0,1107174000000.0,651416000000.0,707067000000.0,,,,,
Minority Interests,7267,-67197000000.0,-75416000000.0,-65893000000.0,-53634000000.0,,,,,
Net Income Including Noncontrolling Interests,7267,903034000000.0,1182590000000.0,717309000000.0,760701000000.0,,,,,
Net Income Continuous Operations,7267,903034000000.0,1182590000000.0,717309000000.0,760701000000.0,,,,,
Tax Provision,7267,414606000000.0,459794000000.0,162256000000.0,309489000000.0,,,,,
Pretax Income,7267,1317640000000.0,1642384000000.0,879565000000.0,1070190000000.0,,,,,
Other Income Expense,7267,-30773000000.0,186833000000.0,79156000000.0,197533000000.0,,,,,
Other Non Operating Income Expenses,7267,,,,-7335000000.0,-17128000000.0,,,,
Earnings From Equity Interest,7267,982000000.0,110817000000.0,117445000000.0,202512000000.0,,,,,
Gain On Sale Of Security,7267,-31755000000.0,76016000000.0,-38289000000.0,-4979000000.0,,,,,
Net Non Operating Interest Income Expense,7267,134927000000.0,73574000000.0,19640000000.0,1425000000.0,,,,,
Total Other Finance Cost,7267,1297000000.0,40490000000.0,17319000000.0,7335000000.0,,,,,
Interest Expense Non Operating,7267,54907000000.0,59631000000.0,36112000000.0,16867000000.0,,,,,
Interest Income Non Operating,7267,191131000000.0,173695000000.0,73071000000.0,25627000000.0,,,,,
Operating Income,7267,1213486000000.0,1381977000000.0,780769000000.0,871232000000.0,,,,,
Operating Expense,7267,3450493000000.0,3030166000000.0,2550823000000.0,2113541000000.0,,,,,
Research And Development,7267,1099482000000.0,923627000000.0,880915000000.0,787056000000.0,,,,,
Selling General And Administration,7267,2351011000000.0,2106539000000.0,1669908000000.0,1326485000000.0,,,,,
Gross Profit,7267,4663979000000.0,4412143000000.0,3331592000000.0,2984773000000.0,,,,,
Cost Of Revenue,7267,17024788000000.0,16016659000000.0,13576133000000.0,11567923000000.0,,,,,
Total Revenue,7267,21688767000000.0,20428802000000.0,16907725000000.0,14552696000000.0,,,,,
Operating Revenue,7267,21688767000000.0,20428802000000.0,16907725000000.0,14552696000000.0,,,,,
Tax Effect Of Unusual Items,6954,-443751000.0,-237405000.0,-901092000.0,-465920000.0,,,,,
Tax Rate For Calcs,6954,0.231,0.255,0.244,0.256,,,,,
Normalized EBITDA,6954,207215000000.0,191851000000.0,244241000000.0,232137000000.0,,,,,
Total Unusual Items,6954,-1921000000.0,-931000000.0,-3693000000.0,-1820000000.0,,,,,
Total Unusual Items Excluding Goodwill,6954,-1921000000.0,-931000000.0,-3693000000.0,-1820000000.0,,,,,
Net Income From Continuing Operation Net Minority Interest,6954,147557000000.0,133159000000.0,170587000000.0,155273000000.0,,,,,
Reconciled Depreciation,6954,46448000000.0,49001000000.0,49189000000.0,47077000000.0,,,,,
Reconciled Cost Of Revenue,6954,502204000000.0,519430000000.0,526549000000.0,437374000000.0,,,,,
EBITDA,6954,205294000000.0,190920000000.0,240548000000.0,230317000000.0,,,,,
EBIT,6954,158846000000.0,141919000000.0,191359000000.0,183240000000.0,,,,,
Net Interest Income,6954,7122000000.0,4549000000.0,3840000000.0,2055000000.0,,,,,
Interest Income,6954,7122000000.0,4549000000.0,3840000000.0,2055000000.0,,,,,
Normalized Income,6954,149034249000.0,133852595000.0,173378908000.0,156627080000.0,,,,,
Net Income From Continuing And Discontinued Operation,6954,147557000000.0,133159000000.0,170587000000.0,155273000000.0,,,,,
Total Expenses,6954,638283000000.0,653355000000.0,660597000000.0,549768000000.0,,,,,
Total Operating Income As Reported,6954,158846000000.0,141919000000.0,191359000000.0,183240000000.0,,,,,
Diluted Average Shares,6954,938001399.0,949575697.0,955390733.0,959087000.0,,,,,
Basic Average Shares,6954,938001399.0,949575697.0,955390733.0,959087000.0,,,,,
Diluted EPS,6954,157.31,140.23,178.55,161.9,,,,,
Basic EPS,6954,157.31,140.23,178.55,161.9,,,,,
Diluted NI Availto Com Stockholders,6954,147557000000.0,133159000000.0,170587000000.0,155273000000.0,,,,,
Net Income Common Stockholders,6954,147557000000.0,133159000000.0,170587000000.0,155273000000.0,,,,,
Otherunder Preferred Stock Dividend,6954,0.0,0.0,0.0,0.0,,,,,
Net Income,6954,147557000000.0,133159000000.0,170587000000.0,155273000000.0,,,,,
Minority Interests,6954,-3790000000.0,-2328000000.0,-3327000000.0,-3217000000.0,,,,,
Net Income Including Noncontrolling Interests,6954,151347000000.0,135487000000.0,173914000000.0,158490000000.0,,,,,
Net Income Continuous Operations,6954,151347000000.0,135487000000.0,173914000000.0,158490000000.0,,,,,
Tax Provision,6954,45391000000.0,46268000000.0,56189000000.0,54427000000.0,,,,,
Pretax Income,6954,196738000000.0,181755000000.0,230103000000.0,212917000000.0,,,,,
Other Non Operating Income Expenses,6954,2755000000.0,6405000000.0,4305000000.0,5179000000.0,,,,,
Special Income Charges,6954,-820000000.0,-931000000.0,-3693000000.0,-1820000000.0,,,,,
Other Special Charges,6954,820000000.0,931000000.0,2469000000.0,1820000000.0,,,,,
Write Off,6954,,0.0,1224000000.0,0.0,,,,,
Net Non Operating Interest Income Expense,6954,7122000000.0,4549000000.0,3840000000.0,2055000000.0,,,,,
Interest Income Non Operating,6954,7122000000.0,4549000000.0,3840000000.0,2055000000.0,,,,,
Operating Income,6954,158846000000.0,141919000000.0,191359000000.0,183240000000.0,,,,,
Operating Expense,6954,136079000000.0,133925000000.0,134048000000.0,112394000000.0,,,,,
Gross Profit,6954,294925000000.0,275844000000.0,325407000000.0,295634000000.0,,,,,
Cost Of Revenue,6954,502204000000.0,519430000000.0,526549000000.0,437374000000.0,,,,,
Total Revenue,6954,797129000000.0,795274000000.0,851956000000.0,733008000000.0,,,,,
Operating Revenue,6954,797129000000.0,795274000000.0,851956000000.0,733008000000.0,,,,,
Tax Effect Of Unusual Items,7974,3765000.0,62775000.0,-121800000.0,1030338931.981394,,,,,
Tax Rate For Calcs,7974,0.251,0.279,0.28,0.291633,,,,,
Normalized EBITDA,7974,297900000000.0,546573000000.0,612354000000.0,681664000000.0,,,,,
Total Unusual Items,7974,15000000.0,225000000.0,-435000000.0,3533000000.0,,,,,
Total Unusual Items Excluding Goodwill,7974,15000000.0,225000000.0,-435000000.0,3533000000.0,,,,,
Net Income From Continuing Operation Net Minority Interest,7974,278806000000.0,490602000000.0,432768000000.0,477691000000.0,,,,,
Reconciled Depreciation,7974,15361000000.0,17856000000.0,11040000000.0,10527000000.0,,,,,
Reconciled Cost Of Revenue,7974,454754000000.0,717530000000.0,716237000000.0,749299000000.0,,,,,
EBITDA,7974,297915000000.0,546798000000.0,611919000000.0,685197000000.0,,,,,
EBIT,7974,282554000000.0,528942000000.0,600879000000.0,674670000000.0,,,,,
Net Interest Income,7974,56176000000.0,51412000000.0,25377000000.0,3036000000.0,,,,,
Interest Expense,7974,,166000000.0,122000000.0,281000000.0,177000000.0,,,,
Interest Income,7974,56176000000.0,51412000000.0,25499000000.0,3317000000.0,,,,,
Normalized Income,7974,278794765000.0,490439775000.0,433081200000.0,475188338931.9814,,,,,
Net Income From Continuing And Discontinued Operation,7974,278806000000.0,490602000000.0,432768000000.0,477691000000.0,,,,,
Total Expenses,7974,882368000000.0,1142923000000.0,1097302000000.0,1102582000000.0,,,,,
Total Operating Income As Reported,7974,282553000000.0,528941000000.0,504375000000.0,592760000000.0,,,,,
Diluted Average Shares,7974,1164262747.0,1164246897.0,1165213000.0,1180448000.0,,,,,
Basic Average Shares,7974,1164262747.0,1164246897.0,1165213000.0,1180448000.0,,,,,
Diluted EPS,7974,239.47,421.39,371.41,404.67,,,,,
Basic EPS,7974,239.47,421.39,371.41,404.67,,,,,
Diluted NI Availto Com Stockholders,7974,278806000000.0,490602000000.0,432768000000.0,477691000000.0,,,,,
Net Income Common Stockholders,7974,278806000000.0,490602000000.0,432768000000.0,477691000000.0,,,,,
Otherunder Preferred Stock Dividend,7974,0.0,0.0,0.0,0.0,,,,,
Net Income,7974,278806000000.0,490602000000.0,432768000000.0,477691000000.0,,,,,
Minority Interests,7974,-46000000.0,-40000000.0,-32000000.0,-22000000.0,,,,,
Net Income Including Noncontrolling Interests,7974,278852000000.0,490642000000.0,432800000000.0,477714000000.0,,,,,
Net Income Continuous Operations,7974,278853000000.0,490642000000.0,432800000000.0,477715000000.0,,,,,
Tax Provision,7974,93478000000.0,190080000000.0,167957000000.0,196674000000.0,,,,,
Pretax Income,7974,372331000000.0,680722000000.0,600757000000.0,674389000000.0,,,,,
Other Non Operating Income Expenses,7974,6375000000.0,8454000000.0,5122000000.0,2760000000.0,,,,,
Special Income Charges,7974,-57000000.0,-375000000.0,-334000000.0,3228000000.0,,,,,
Other Special Charges,7974,57000000.0,375000000.0,334000000.0,-3228000000.0,,,,,
Net Non Operating Interest Income Expense,7974,56176000000.0,51412000000.0,25377000000.0,3036000000.0,,,,,
Interest Expense Non Operating,7974,,166000000.0,122000000.0,281000000.0,177000000.0,,,,
Interest Income Non Operating,7974,56176000000.0,51412000000.0,25499000000.0,3317000000.0,,,,,
Operating Income,7974,282554000000.0,528942000000.0,504375000000.0,592761000000.0,,,,,
Operating Expense,7974,427614000000.0,425393000000.0,381065000000.0,353283000000.0,,,,,
Gross Profit,7974,710168000000.0,954335000000.0,885440000000.0,946044000000.0,,,,,
Cost Of Revenue,7974,454754000000.0,717530000000.0,716237000000.0,749299000000.0,,,,,
Total Revenue,7974,1164922000000.0,1671865000000.0,1601677000000.0,1695344000000.0,,,,,
Operating Revenue,7974,1164922000000.0,1671865000000.0,1601677000000.0,1695344000000.0,,,,,
Tax Effect Of Unusual Items,8411,5558161900.0,11661086000.0,-2989371259.775805,4424512500.0,,,,,
Tax Rate For Calcs,8411,0.2533,0.2845,0.28093,0.1005,,,,,
Total Unusual Items,8411,21943000000.0,40988000000.0,-10641000000.0,44025000000.0,,,,,
Total Unusual Items Excluding Goodwill,8411,21943000000.0,40988000000.0,-10641000000.0,44025000000.0,,,,,
Net Income From Continuing Operation Net Minority Interest,8411,885433000000.0,678993000000.0,555527000000.0,530479000000.0,,,,,
Reconciled Depreciation,8411,205922000000.0,178193000000.0,166937000000.0,165638000000.0,,,,,
Net Interest Income,8411,1045255000000.0,887609000000.0,960574000000.0,993456000000.0,,,,,
Interest Expense,8411,4954945000000.0,4884924000000.0,2217636000000.0,315550000000.0,,,,,
Interest Income,8411,6000200000000.0,5772533000000.0,3178210000000.0,1309006000000.0,,,,,
Normalized Income,8411,869048161900.0,649666086000.0,563178628740.2242,490878512500.0,,,,,
Net Income From Continuing And Discontinued Operation,8411,885433000000.0,678993000000.0,555527000000.0,530479000000.0,,,,,
Diluted Average Shares,8411,2528304000.0,2534675000.0,2534355000.0,2534962000.0,,,,,
Basic Average Shares,8411,2528302000.0,2534673000.0,2534340000.0,2534897000.0,,,,,
Diluted EPS,8411,350.2,267.88,219.19,209.26,,,,,
Basic EPS,8411,350.2,267.88,219.2,209.27,,,,,
Diluted NI Availto Com Stockholders,8411,885433000000.0,678993000000.0,555527000000.0,530479000000.0,,,,,
Net Income Common Stockholders,8411,885433000000.0,678993000000.0,555527000000.0,530479000000.0,,,,,
Net Income,8411,885433000000.0,678993000000.0,555527000000.0,530479000000.0,,,,,
Minority Interests,8411,-3234000000.0,-4305000000.0,-4602000000.0,-12703000000.0,,,,,
Net Income Including Noncontrolling Interests,8411,888667000000.0,683299000000.0,560130000000.0,543183000000.0,,,,,
Net Income Continuous Operations,8411,888668000000.0,683300000000.0,560130000000.0,543184000000.0,,,,,
Tax Provision,8411,301416000000.0,271735000000.0,218834000000.0,60688000000.0,,,,,
Pretax Income,8411,1190084000000.0,955035000000.0,778964000000.0,603872000000.0,,,,,
Special Income Charges,8411,21943000000.0,40988000000.0,-10641000000.0,44025000000.0,,,,,
Gain On Sale Of Business,8411,,0.0,-2301000000.0,0.0,-3320000000.0,,,,
Other Special Charges,8411,-45213000000.0,-48951000000.0,-43205000000.0,-71610000000.0,,,,,
Impairment Of Capital Assets,8411,23270000000.0,7963000000.0,51545000000.0,27585000000.0,,,,,
Gain On Sale Of Security,8411,161293000000.0,61104000000.0,98089000000.0,29557000000.0,,,,,
Selling General And Administration,8411,1840702000000.0,1663951000000.0,1445283000000.0,1392896000000.0,,,,,
General And Administrative Expense,8411,1840702000000.0,1663951000000.0,1445283000000.0,1392896000000.0,,,,,
Other Gand A,8411,1840702000000.0,1663951000000.0,1445283000000.0,1392896000000.0,,,,,
Salaries And Wages,8411,,,,,685692000000.0,,,,
Total Revenue,8411,3645206000000.0,2971068000000.0,2670039000000.0,2519461000000.0,,,,,
Operating Revenue,8411,3645206000000.0,2971068000000.0,2670039000000.0,2519461000000.0,,,,,
Occupancy And Equipment,8411,,,,,206470000000.0,,,,
Other Non Interest Expense,8411,631546000000.0,312992000000.0,357744000000.0,357053000000.0,,,,,
Tax Effect Of Unusual Items,8766,-2163798000.0,-3460164000.0,9037624000.0,-756860000.0,,,,,
Tax Rate For Calcs,8766,0.273,0.183,0.331,0.26,,,,,
Total Unusual Items,8766,-7926000000.0,-18908000000.0,27304000000.0,-2911000000.0,,,,,
Total Unusual Items Excluding Goodwill,8766,-7926000000.0,-18908000000.0,27304000000.0,-2911000000.0,,,,,
Net Income From Continuing Operation Net Minority Interest,8766,1055276000000.0,695808000000.0,374605000000.0,420484000000.0,,,,,
Reconciled Depreciation,8766,236858000000.0,212320000000.0,193206000000.0,161906000000.0,,,,,
EBIT,8766,1477194000000.0,847870000000.0,533612000000.0,562670000000.0,,,,,
Net Interest Income,8766,-26922000000.0,-26009000000.0,-13950000000.0,-8398000000.0,,,,,
Interest Expense,8766,26922000000.0,26009000000.0,13950000000.0,8398000000.0,,,,,
Interest Income,8766,1000365000000.0,893461000000.0,663170000000.0,560082000000.0,,,,,
Normalized Income,8766,1061038202000.0,711255836000.0,356338624000.0,422638140000.0,,,,,
Net Income From Continuing And Discontinued Operation,8766,1055276000000.0,695808000000.0,374605000000.0,420484000000.0,,,,,
Total Expenses,8766,6133890000000.0,6258447000000.0,5794443000000.0,5197362000000.0,,,,,
Diluted Average Shares,8766,1946429098.0,1979032396.0,2009575667.0,2056961158.0,,,,,
Basic Average Shares,8766,1946429098.0,1979032396.0,2009454159.0,2056279000.0,,,,,
Diluted EPS,8766,542.16,351.59,186.41,204.42,,,,,
Basic EPS,8766,542.16,351.59,186.42,204.48,,,,,
Diluted NI Availto Com Stockholders,8766,1055276000000.0,695808000000.0,374605000000.0,420484000000.0,,,,,
Net Income Common Stockholders,8766,1055276000000.0,695808000000.0,374605000000.0,420484000000.0,,,,,
Net Income,8766,1055276000000.0,695808000000.0,374605000000.0,420484000000.0,,,,,
Minority Interests,8766,1533000000.0,24497000000.0,27952000000.0,10070000000.0,,,,,
Net Income Including Noncontrolling Interests,8766,1053742000000.0,671310000000.0,346652000000.0,410414000000.0,,,,,
Net Income Continuous Operations,8766,1053743000000.0,671311000000.0,346653000000.0,410414000000.0,,,,,
Tax Provision,8766,396529000000.0,150550000000.0,173009000000.0,143858000000.0,,,,,
Pretax Income,8766,1450272000000.0,821861000000.0,519662000000.0,554272000000.0,,,,,
Other Income Expense,8766,181136000000.0,170604000000.0,139663000000.0,133914000000.0,,,,,
Special Income Charges,8766,-7926000000.0,-18908000000.0,27304000000.0,-2911000000.0,,,,,
Other Special Charges,8766,10491000000.0,12013000000.0,-29237000000.0,12376000000.0,,,,,
Write Off,8766,2566000000.0,8702000000.0,3740000000.0,764000000.0,,,,,
Restructuring And Mergern Acquisition,8766,-5131000000.0,-1807000000.0,-1807000000.0,-10229000000.0,,,,,
Net Non Operating Interest Income Expense,8766,-26922000000.0,-26009000000.0,-13950000000.0,-8398000000.0,,,,,
Interest Expense Non Operating,8766,26922000000.0,26009000000.0,13950000000.0,8398000000.0,,,,,
Other Operating Expenses,8766,18108000000.0,17264000000.0,29866000000.0,15046000000.0,,,,,
Selling General And Administration,8766,1401394000000.0,1255677000000.0,1140954000000.0,1002477000000.0,,,,,
Total Revenue,8766,7584167000000.0,7080313000000.0,6314108000000.0,5751641000000.0,,,,,
Operating Revenue,8766,7584167000000.0,7080313000000.0,6314108000000.0,5751641000000.0,,,,,
Net Policyholder Benefits And Claims,8766,3580149000000.0,3285526000000.0,2968389000000.0,2572515000000.0,,,,,
Tax Effect Of Unusual Items,9022,1072015000.0,1842827000.0,966900000.0,942210772.342498,,,,,
Tax Rate For Calcs,9022,0.281,0.287,0.275,0.256454,,,,,
Normalized EBITDA,9022,929117000000.0,834405000000.0,601341000000.0,215643000000.0,,,,,
Total Unusual Items,9022,3815000000.0,6421000000.0,3516000000.0,3674000000.0,,,,,
Total Unusual Items Excluding Goodwill,9022,3815000000.0,6421000000.0,3516000000.0,3674000000.0,,,,,
Net Income From Continuing Operation Net Minority Interest,9022,458423000000.0,384411000000.0,219417000000.0,-51928000000.0,,,,,
Reconciled Depreciation,9022,208042000000.0,216406000000.0,219614000000.0,207039000000.0,,,,,
Reconciled Cost Of Revenue,9022,928899000000.0,912306000000.0,847847000000.0,773583000000.0,,,,,
EBITDA,9022,932932000000.0,840826000000.0,604857000000.0,219317000000.0,,,,,
EBIT,9022,724890000000.0,624420000000.0,385243000000.0,12278000000.0,,,,,
Net Interest Income,9022,-69598000000.0,-75759000000.0,-76989000000.0,-76602000000.0,,,,,
Interest Expense,9022,79015000000.0,79092000000.0,79111000000.0,79023000000.0,,,,,
Interest Income,9022,9417000000.0,3333000000.0,2122000000.0,2421000000.0,,,,,
Normalized Income,9022,455680015000.0,379832827000.0,216867900000.0,-54659789227.6575,,,,,
Net Income From Continuing And Discontinued Operation,9022,458423000000.0,384411000000.0,219417000000.0,-51928000000.0,,,,,
Total Expenses,9022,1129052000000.0,1103025000000.0,1025781000000.0,933430000000.0,,,,,
Total Operating Income As Reported,9022,702794000000.0,607381000000.0,374503000000.0,1708000000.0,,,,,
Diluted Average Shares,9022,983993732.0,984003993.0,983995743.0,983988000.0,,,,,
Basic Average Shares,9022,983993732.0,984003993.0,983995743.0,983988000.0,,,,,
Diluted EPS,9022,465.88,390.66,222.99,-52.774,,,,,
Basic EPS,9022,465.88,390.66,222.99,-52.774,,,,,
Diluted NI Availto Com Stockholders,9022,458423000000.0,384411000000.0,219417000000.0,-51928000000.0,,,,,
Net Income Common Stockholders,9022,458423000000.0,384411000000.0,219417000000.0,-51928000000.0,,,,,
Otherunder Preferred Stock Dividend,9022,0.0,0.0,0.0,0.0,,,,,
Net Income,9022,458423000000.0,384411000000.0,219417000000.0,-51928000000.0,,,,,
Minority Interests,9022,-5968000000.0,-4350000000.0,-2680000000.0,-2300000000.0,,,,,
Net Income Including Noncontrolling Interests,9022,464391000000.0,388761000000.0,222098000000.0,-49627000000.0,,,,,
Net Income Continuous Operations,9022,464392000000.0,388761000000.0,222098000000.0,-49628000000.0,,,,,
Tax Provision,9022,181483000000.0,156567000000.0,84034000000.0,-17117000000.0,,,,,
Pretax Income,9022,645875000000.0,545328000000.0,306132000000.0,-66745000000.0,,,,,
Other Non Operating Income Expenses,9022,3261000000.0,2223000000.0,17000000.0,484000000.0,,,,,
Special Income Charges,9022,-3416000000.0,-1616000000.0,527000000.0,3530000000.0,,,,,
Other Special Charges,9022,2698000000.0,1539000000.0,-527000000.0,-3530000000.0,,,,,
Write Off,9022,718000000.0,77000000.0,,1312000000.0,4930000000.0,,,,
Net Non Operating Interest Income Expense,9022,-69598000000.0,-75759000000.0,-76989000000.0,-76602000000.0,,,,,
Interest Expense Non Operating,9022,79015000000.0,79092000000.0,79111000000.0,79023000000.0,,,,,
Interest Income Non Operating,9022,9417000000.0,3333000000.0,2122000000.0,2421000000.0,,,,,
Operating Income,9022,702795000000.0,607382000000.0,374504000000.0,1709000000.0,,,,,
Operating Expense,9022,200153000000.0,190719000000.0,177934000000.0,159847000000.0,,,,,
Gross Profit,9022,902948000000.0,798101000000.0,552438000000.0,161556000000.0,,,,,
Cost Of Revenue,9022,928899000000.0,912306000000.0,847847000000.0,773583000000.0,,,,,
Total Revenue,9022,1831847000000.0,1710407000000.0,1400285000000.0,935139000000.0,,,,,
Operating Revenue,9022,1831847000000.0,1710407000000.0,1400285000000.0,935139000000.0,,,,,
Tax Effect Of Unusual Items,9104,1915798000.0,4007410000.0,283088000.0,263510000.0,,,,,
Tax Rate For Calcs,9104,0.058,0.11,0.026,0.026,,,,,
Normalized EBITDA,9104,565918000000.0,379767000000.0,920200000000.0,820649000000.0,,,,,
Total Unusual Items,9104,33031000000.0,36431000000.0,10888000000.0,10135000000.0,,,,,
Total Unusual Items Excluding Goodwill,9104,33031000000.0,36431000000.0,10888000000.0,10135000000.0,,,,,
Net Income From Continuing Operation Net Minority Interest,9104,425492000000.0,261651000000.0,796060000000.0,708819000000.0,,,,,
Reconciled Depreciation,9104,127576000000.0,102473000000.0,94660000000.0,86399000000.0,,,,,
Reconciled Cost Of Revenue,9104,1457805000000.0,1378965000000.0,1376504000000.0,1117405000000.0,,,,,
EBITDA,9104,598949000000.0,416198000000.0,931088000000.0,830784000000.0,,,,,
EBIT,9104,471373000000.0,313725000000.0,836428000000.0,744385000000.0,,,,,
Net Interest Income,9104,-2579000000.0,1293000000.0,-2795000000.0,-4452000000.0,,,,,
Interest Expense,9104,18638000000.0,18308000000.0,17268000000.0,11392000000.0,,,,,
Interest Income,9104,16059000000.0,19601000000.0,14473000000.0,6940000000.0,,,,,
Normalized Income,9104,394376798000.0,229227410000.0,785455088000.0,698947510000.0,,,,,
Net Income From Continuing And Discontinued Operation,9104,425492000000.0,261651000000.0,796060000000.0,708819000000.0,,,,,
Total Expenses,9104,1624618000000.0,1524779000000.0,1503274000000.0,1214304000000.0,,,,,
Total Operating Income As Reported,9104,150851000000.0,103132000000.0,108709000000.0,55005000000.0,,,,,
Diluted Average Shares,9104,359231711.0,362874974.0,362420385.0,361463459.0,,,,,
Basic Average Shares,9104,358581000.0,361971363.0,361183288.0,359778000.0,,,,,
Diluted EPS,9104,1184.45,721.05,2196.51,1960.97,,,,,
Basic EPS,9104,1186.6,722.85,2204.04,1970.16,,,,,
Diluted NI Availto Com Stockholders,9104,425492000000.0,261651000000.0,796060000000.0,708819000000.0,,,,,
Net Income Common Stockholders,9104,425492000000.0,261651000000.0,796060000000.0,708819000000.0,,,,,
Otherunder Preferred Stock Dividend,9104,0.0,0.0,0.0,0.0,,,,,
Net Income,9104,425492000000.0,261651000000.0,796060000000.0,708819000000.0,,,,,
Minority Interests,9104,-978000000.0,-1221000000.0,-2182000000.0,-5335000000.0,,,,,
Net Income Including Noncontrolling Interests,9104,426470000000.0,262873000000.0,798242000000.0,714154000000.0,,,,,
Net Income Continuous Operations,9104,426471000000.0,262873000000.0,798243000000.0,714154000000.0,,,,,
Tax Provision,9104,26264000000.0,32544000000.0,20917000000.0,18839000000.0,,,,,
Pretax Income,9104,452735000000.0,295417000000.0,819160000000.0,732993000000.0,,,,,
Other Non Operating Income Expenses,9104,5459000000.0,17975000000.0,2397000000.0,-390000000.0,,,,,
Special Income Charges,9104,23519000000.0,34671000000.0,10888000000.0,7588000000.0,,,,,
Other Special Charges,9104,-11034000000.0,-35832000000.0,-11579000000.0,-11092000000.0,,,,,
Write Off,9104,11221000000.0,1927000000.0,691000000.0,1205000000.0,,,,,
Restructuring And Mergern Acquisition,9104,-23706000000.0,-766000000.0,0.0,2299000000.0,,,,,
Net Non Operating Interest Income Expense,9104,-2579000000.0,1293000000.0,-2795000000.0,-4452000000.0,,,,,
Interest Expense Non Operating,9104,18638000000.0,18308000000.0,17268000000.0,11392000000.0,,,,,
Interest Income Non Operating,9104,16059000000.0,19601000000.0,14473000000.0,6940000000.0,,,,,
Operating Income,9104,150852000000.0,103133000000.0,108709000000.0,55006000000.0,,,,,
Operating Expense,9104,166813000000.0,145814000000.0,126770000000.0,96899000000.0,,,,,
Gross Profit,9104,317665000000.0,248947000000.0,235479000000.0,151905000000.0,,,,,
Cost Of Revenue,9104,1457805000000.0,1378965000000.0,1376504000000.0,1117405000000.0,,,,,
Total Revenue,9104,1775470000000.0,1627912000000.0,1611984000000.0,1269310000000.0,,,,,
Operating Revenue,9104,1775470000000.0,1627912000000.0,1611984000000.0,1269310000000.0,,,,,
Tax Effect Of Unusual Items,9202,-2161357200.0,-1242009900.0,1498416000.0,975857400.0,,,,,
Tax Rate For Calcs,9202,0.2172,0.2271,0.212,0.1889,,,,,
Normalized EBITDA,9202,380536000000.0,378062000000.0,282504000000.0,4424000000.0,,,,,
Total Unusual Items,9202,-9951000000.0,-5469000000.0,7068000000.0,5166000000.0,,,,,
Total Unusual Items Excluding Goodwill,9202,-9951000000.0,-5469000000.0,7068000000.0,5166000000.0,,,,,
Net Income From Continuing Operation Net Minority Interest,9202,153027000000.0,157097000000.0,89477000000.0,-143628000000.0,,,,,
Reconciled Depreciation,9202,150660000000.0,144431000000.0,150385000000.0,159621000000.0,,,,,
Reconciled Cost Of Revenue,9202,1843542000000.0,1642263000000.0,1403567000000.0,1049414000000.0,,,,,
EBITDA,9202,370585000000.0,372593000000.0,289572000000.0,9590000000.0,,,,,
EBIT,9202,219925000000.0,228162000000.0,139187000000.0,-150031000000.0,,,,,
Net Interest Income,9202,-19634000000.0,-22030000000.0,-24007000000.0,-25046000000.0,,,,,
Interest Expense,9202,23359000000.0,23324000000.0,24845000000.0,25343000000.0,,,,,
Interest Income,9202,3725000000.0,1294000000.0,838000000.0,297000000.0,,,,,
Normalized Income,9202,160816642800.0,161323990100.0,83907416000.0,-147818142600.0,,,,,
Net Income From Continuing And Discontinued Operation,9202,153027000000.0,157097000000.0,89477000000.0,-143628000000.0,,,,,
Total Expenses,9202,2065217000000.0,1848017000000.0,1587454000000.0,1193451000000.0,,,,,
Total Operating Income As Reported,9202,196639000000.0,207911000000.0,120030000000.0,-173127000000.0,,,,,
Diluted Average Shares,9202,526372455.0,520844108.0,525840386.0,470339000.0,,,,,
Basic Average Shares,9202,470013514.0,468820317.0,470334488.0,470339000.0,,,,,
Diluted EPS,9202,290.72,301.62,170.16,-305.37,,,,,
Basic EPS,9202,325.58,335.09,190.24,-305.37,,,,,
Diluted NI Availto Com Stockholders,9202,153027000000.0,157097000000.0,89477000000.0,-143628000000.0,,,,,
Net Income Common Stockholders,9202,153027000000.0,157097000000.0,89477000000.0,-143628000000.0,,,,,
Otherunder Preferred Stock Dividend,9202,0.0,0.0,0.0,0.0,,,,,
Net Income,9202,153027000000.0,157097000000.0,89477000000.0,-143628000000.0,,,,,
Minority Interests,9202,-851000000.0,-1230000000.0,-621000000.0,-1389000000.0,,,,,
Net Income Including Noncontrolling Interests,9202,153878000000.0,158327000000.0,90098000000.0,-142239000000.0,,,,,
Net Income Continuous Operations,9202,153878000000.0,158327000000.0,90098000000.0,-142239000000.0,,,,,
Tax Provision,9202,42688000000.0,46511000000.0,24244000000.0,-33135000000.0,,,,,
Pretax Income,9202,196566000000.0,204838000000.0,114342000000.0,-175374000000.0,,,,,
Other Non Operating Income Expenses,9202,23140000000.0,17596000000.0,7052000000.0,16136000000.0,,,,,
Special Income Charges,9202,-10355000000.0,-2651000000.0,8110000000.0,2225000000.0,,,,,
Other Special Charges,9202,6431000000.0,2651000000.0,-8110000000.0,-11582000000.0,,,,,
Write Off,9202,3924000000.0,0.0,0.0,9357000000.0,,,,,
Restructuring And Mergern Acquisition,9202,,,,,86350000000.0,,,,
Net Non Operating Interest Income Expense,9202,-19634000000.0,-22030000000.0,-24007000000.0,-25046000000.0,,,,,
Interest Expense Non Operating,9202,23359000000.0,23324000000.0,24845000000.0,25343000000.0,,,,,
Interest Income Non Operating,9202,3725000000.0,1294000000.0,838000000.0,297000000.0,,,,,
Operating Income,9202,196639000000.0,207911000000.0,120030000000.0,-173127000000.0,,,,,
Operating Expense,9202,221675000000.0,205754000000.0,183887000000.0,144037000000.0,,,,,
Other Operating Expenses,9202,56435000000.0,53446000000.0,49879000000.0,37189000000.0,,,,,
Depreciation And Amortization In Income Statement,9202,15199000000.0,17779000000.0,22113000000.0,25379000000.0,,,,,
Depreciation Income Statement,9202,15199000000.0,17779000000.0,22113000000.0,25379000000.0,,,,,
Selling General And Administration,9202,98734000000.0,87370000000.0,68991000000.0,46028000000.0,,,,,
Selling And Marketing Expense,9202,69815000000.0,61029000000.0,46095000000.0,21906000000.0,,,,,
General And Administrative Expense,9202,28919000000.0,26341000000.0,22896000000.0,24122000000.0,,,,,
Gross Profit,9202,418314000000.0,413665000000.0,303917000000.0,-29090000000.0,,,,,
Cost Of Revenue,9202,1843542000000.0,1642263000000.0,1403567000000.0,1049414000000.0,,,,,
Total Revenue,9202,2261856000000.0,2055928000000.0,1707484000000.0,1020324000000.0,,,,,
Operating Revenue,9202,2261856000000.0,2055928000000.0,1707484000000.0,1020324000000.0,,,,,
Tax Effect Of Unusual Items,9301,10527050000.0,4141763466.938984,3473736000.0,809201704.983799,,,,,
Tax Rate For Calcs,9301,0.346,0.281465,0.322,0.291815,,,,,
Normalized EBITDA,9301,37366000000.0,41083000000.0,46409000000.0,39193000000.0,,,,,
Total Unusual Items,9301,30425000000.0,14715000000.0,10788000000.0,2773000000.0,,,,,
Total Unusual Items Excluding Goodwill,9301,30425000000.0,14715000000.0,10788000000.0,2773000000.0,,,,,
Net Income From Continuing Operation Net Minority Interest,9301,31864000000.0,27787000000.0,27226000000.0,17892000000.0,,,,,
Reconciled Depreciation,9301,17694000000.0,16037000000.0,15714000000.0,15465000000.0,,,,,
Reconciled Cost Of Revenue,9301,247631000000.0,222269000000.0,265896000000.0,228595000000.0,,,,,
EBITDA,9301,67791000000.0,55798000000.0,57197000000.0,41966000000.0,,,,,
EBIT,9301,50097000000.0,39761000000.0,41483000000.0,26501000000.0,,,,,
Net Interest Income,9301,-393000000.0,-385000000.0,-239000000.0,-405000000.0,,,,,
Interest Expense,9301,873000000.0,591000000.0,532000000.0,577000000.0,,,,,
Interest Income,9301,480000000.0,325000000.0,293000000.0,172000000.0,,,,,
Normalized Income,9301,11966050000.0,17213763466.938984,19911736000.0,15928201704.983799,,,,,
Net Income From Continuing And Discontinued Operation,9301,31864000000.0,27787000000.0,27226000000.0,17892000000.0,,,,,
Total Expenses,9301,263755000000.0,235563000000.0,277563000000.0,239082000000.0,,,,,
Total Operating Income As Reported,9301,20310000000.0,18941000000.0,23027000000.0,18144000000.0,,,,,
Diluted Average Shares,9301,370856611.0,386510321.0,398041675.0,407622290.0,,,,,
Basic Average Shares,9301,370856611.0,386510321.0,398041675.0,407622290.0,,,,,
Diluted EPS,9301,85.92,71.892,68.4,43.894,,,,,
Basic EPS,9301,85.92,71.892,68.4,43.894,,,,,
Diluted NI Availto Com Stockholders,9301,31864000000.0,27787000000.0,27226000000.0,17892000000.0,,,,,
Net Income Common Stockholders,9301,31864000000.0,27787000000.0,27226000000.0,17892000000.0,,,,,
Otherunder Preferred Stock Dividend,9301,0.0,0.0,0.0,0.0,,,,,
Net Income,9301,31864000000.0,27787000000.0,27226000000.0,17892000000.0,,,,,
Minority Interests,9301,-358000000.0,-357000000.0,-522000000.0,-467000000.0,,,,,
Net Income Including Noncontrolling Interests,9301,32222000000.0,28145000000.0,27748000000.0,18359000000.0,,,,,
Net Income Continuous Operations,9301,32223000000.0,28145000000.0,27749000000.0,18359000000.0,,,,,
Tax Provision,9301,17001000000.0,11025000000.0,13202000000.0,7565000000.0,,,,,
Pretax Income,9301,49224000000.0,39170000000.0,40951000000.0,25924000000.0,,,,,
Other Non Operating Income Expenses,9301,385000000.0,452000000.0,530000000.0,313000000.0,,,,,
Special Income Charges,9301,605000000.0,-517000000.0,2074000000.0,-716000000.0,,,,,
Other Special Charges,9301,-692000000.0,517000000.0,-2247000000.0,709000000.0,,,,,
Write Off,9301,87000000.0,0.0,173000000.0,7000000.0,,,,,
Restructuring And Mergern Acquisition,9301,,,,,77000000.0,,,,
Net Non Operating Interest Income Expense,9301,-393000000.0,-385000000.0,-239000000.0,-405000000.0,,,,,
Total Other Finance Cost,9301,,119000000.0,,,,,,,
Interest Expense Non Operating,9301,873000000.0,591000000.0,532000000.0,577000000.0,,,,,
Interest Income Non Operating,9301,480000000.0,325000000.0,293000000.0,172000000.0,,,,,
Operating Income,9301,20311000000.0,18942000000.0,23028000000.0,18145000000.0,,,,,
Operating Expense,9301,16124000000.0,13294000000.0,11667000000.0,10487000000.0,,,,,
Gross Profit,9301,36435000000.0,32236000000.0,34695000000.0,28632000000.0,,,,,
Cost Of Revenue,9301,247631000000.0,222269000000.0,265896000000.0,228595000000.0,,,,,
Total Revenue,9301,284065000000.0,254504000000.0,300591000000.0,257226000000.0,,,,,
Operating Revenue,9301,284065000000.0,254504000000.0,300591000000.0,257226000000.0,,,,,
Tax Effect Of Unusual Items,9432,-6185235820.887891,-4642671633.870364,-4611269600.0,-11434626000.0,,,,,
Tax Rate For Calcs,9432,0.308214,0.320804,0.2888,0.3005,,,,,
Normalized EBITDA,9432,3476313000000.0,3753513000000.0,3489531000000.0,3450782000000.0,,,,,
Total Unusual Items,9432,-20068000000.0,-13985000000.0,-9803000000.0,-37824000000.0,,,,,
Total Unusual Items Excluding Goodwill,9432,-20068000000.0,-14472000000.0,-15967000000.0,-38052000000.0,,,,,
Net Income From Continuing Operation Net Minority Interest,9432,1000016000000.0,1279521000000.0,1213116000000.0,1181083000000.0,,,,,
Reconciled Depreciation,9432,1722035000000.0,1628586000000.0,1582625000000.0,1561183000000.0,,,,,
Reconciled Cost Of Revenue,9432,3098603000000.0,2935465000000.0,2768711000000.0,2566127000000.0,,,,,
EBITDA,9432,3456245000000.0,3739528000000.0,3479728000000.0,3412958000000.0,,,,,
EBIT,9432,1734210000000.0,2110942000000.0,1897103000000.0,1851775000000.0,,,,,
Net Interest Income,9432,-110363000000.0,33341000000.0,-25319000000.0,7221000000.0,,,,,
Interest Expense,9432,169514000000.0,130485000000.0,79424000000.0,56250000000.0,,,,,
Interest Income,9432,59151000000.0,163826000000.0,54105000000.0,63471000000.0,,,,,
Normalized Income,9432,1013898764179.112,1289837328366.1296,1230635730400.0,1207928374000.0,,,,,
Net Income From Continuing And Discontinued Operation,9432,1000016000000.0,1279521000000.0,1213116000000.0,1181083000000.0,,,,,
Total Expenses,9432,12035088000000.0,11437187000000.0,11291241000000.0,10349802000000.0,,,,,
Total Operating Income As Reported,9432,1649571000000.0,1922910000000.0,1828986000000.0,1768593000000.0,,,,,
Diluted Average Shares,9432,83613377926.0,84792644135.0,87152141738.0,89669717425.0,,,,,
Basic Average Shares,9432,83613377926.0,84792644135.0,87152141738.0,89669717425.0,,,,,
Diluted EPS,9432,11.96,15.09,13.92,13.1716,,,,,
Basic EPS,9432,11.96,15.09,13.92,13.1716,,,,,
Diluted NI Availto Com Stockholders,9432,1000016000000.0,1279521000000.0,1213116000000.0,1181083000000.0,,,,,
Net Income Common Stockholders,9432,1000016000000.0,1279521000000.0,1213116000000.0,1181083000000.0,,,,,
Otherunder Preferred Stock Dividend,9432,0.0,0.0,0.0,0.0,,,,,
Net Income,9432,1000016000000.0,1279521000000.0,1213116000000.0,1181083000000.0,,,,,
Minority Interests,9432,-82419000000.0,-65598000000.0,-79640000000.0,-74911000000.0,,,,,
Net Income Including Noncontrolling Interests,9432,1082435000000.0,1345119000000.0,1292756000000.0,1255994000000.0,,,,,
Net Income Continuous Operations,9432,1082435000000.0,1345119000000.0,1292756000000.0,1255994000000.0,,,,,
Tax Provision,9432,482261000000.0,635338000000.0,524923000000.0,539531000000.0,,,,,
Pretax Income,9432,1564696000000.0,1980457000000.0,1817679000000.0,1795525000000.0,,,,,
Special Income Charges,9432,-20068000000.0,-14472000000.0,-15967000000.0,-38052000000.0,,,,,
Write Off,9432,20068000000.0,13985000000.0,9803000000.0,37824000000.0,,,,,
Net Non Operating Interest Income Expense,9432,-110363000000.0,33341000000.0,-25319000000.0,7221000000.0,,,,,
Interest Expense Non Operating,9432,169514000000.0,130485000000.0,79424000000.0,56250000000.0,,,,,
Interest Income Non Operating,9432,59151000000.0,163826000000.0,54105000000.0,63471000000.0,,,,,
Operating Income,9432,1669639000000.0,1937382000000.0,1844953000000.0,1806645000000.0,,,,,
Operating Expense,9432,8936485000000.0,8501722000000.0,8522530000000.0,7783675000000.0,,,,,
Other Operating Expenses,9432,7214450000000.0,6873136000000.0,6939905000000.0,6222492000000.0,,,,,
Depreciation And Amortization In Income Statement,9432,1722035000000.0,1628586000000.0,1582625000000.0,1561183000000.0,,,,,
Depreciation Income Statement,9432,1722035000000.0,1628586000000.0,1582625000000.0,1561183000000.0,,,,,
Gross Profit,9432,10606124000000.0,10439104000000.0,10367483000000.0,9590320000000.0,,,,,
Cost Of Revenue,9432,3098603000000.0,2935465000000.0,2768711000000.0,2566127000000.0,,,,,
Total Revenue,9432,13704727000000.0,13374569000000.0,13136194000000.0,12156447000000.0,,,,,
Operating Revenue,9432,13704727000000.0,13374569000000.0,13136194000000.0,12156447000000.0,,,,,
Tax Effect Of Unusual Items,9433,0.0,0.0,0.0,0.0,,,,,
Tax Rate For Calcs,9433,0.306,0.339,0.314,0.312,,,,,
Normalized EBITDA,9433,1821038000000.0,1690289000000.0,1785333000000.0,1800344000000.0,,,,,
Net Income From Continuing Operation Net Minority Interest,9433,685677000000.0,637874000000.0,679113000000.0,672486000000.0,,,,,
Reconciled Depreciation,9433,686788000000.0,687349000000.0,697152000000.0,728101000000.0,,,,,
Reconciled Cost Of Revenue,9433,3409577000000.0,3323514000000.0,3260030000000.0,2984589000000.0,,,,,
EBITDA,9433,1821038000000.0,1690289000000.0,1785333000000.0,1800344000000.0,,,,,
EBIT,9433,1134250000000.0,1002940000000.0,1088181000000.0,1072243000000.0,,,,,
Net Interest Income,9433,-19513000000.0,11651000000.0,1517000000.0,2456000000.0,,,,,
Interest Expense,9433,29625000000.0,10215000000.0,8658000000.0,7746000000.0,,,,,
Interest Income,9433,10112000000.0,21866000000.0,10175000000.0,10202000000.0,,,,,
Normalized Income,9433,685677000000.0,637874000000.0,679113000000.0,672486000000.0,,,,,
Net Income From Continuing And Discontinued Operation,9433,685677000000.0,637874000000.0,679113000000.0,672486000000.0,,,,,
Total Expenses,9433,4826781000000.0,4802408000000.0,4600582000000.0,4391908000000.0,,,,,
Total Operating Income As Reported,9433,1118674000000.0,961584000000.0,1077393000000.0,1060592000000.0,,,,,
Diluted Average Shares,9433,,4235832393.0,4369032000.0,4487290000.0,4589454405.0,,,,
Basic Average Shares,9433,4049353334.0,4234707562.0,4367214000.0,4482860000.0,,,,,
Diluted EPS,9433,,150.59,155.44,149.865,141.955,,,,
Basic EPS,9433,,150.63,155.505,150.015,142.08,,,,
Diluted NI Availto Com Stockholders,9433,685677000000.0,637874000000.0,679113000000.0,672486000000.0,,,,,
Net Income Common Stockholders,9433,685677000000.0,637874000000.0,679113000000.0,672486000000.0,,,,,
Otherunder Preferred Stock Dividend,9433,0.0,0.0,0.0,0.0,,,,,
Net Income,9433,685677000000.0,637874000000.0,679113000000.0,672486000000.0,,,,,
Minority Interests,9433,-80430000000.0,-18230000000.0,-60926000000.0,-60054000000.0,,,,,
Net Income Including Noncontrolling Interests,9433,766107000000.0,656104000000.0,740039000000.0,732540000000.0,,,,,
Net Income Continuous Operations,9433,766107000000.0,656104000000.0,740039000000.0,732540000000.0,,,,,
Tax Provision,9433,338517000000.0,336621000000.0,339484000000.0,331957000000.0,,,,,
Pretax Income,9433,1104625000000.0,992725000000.0,1079523000000.0,1064497000000.0,,,,,
Other Non Operating Income Expenses,9433,5464000000.0,19490000000.0,612000000.0,1448000000.0,,,,,
Net Non Operating Interest Income Expense,9433,-19513000000.0,11651000000.0,1517000000.0,2456000000.0,,,,,
Interest Expense Non Operating,9433,29625000000.0,10215000000.0,8658000000.0,7746000000.0,,,,,
Interest Income Non Operating,9433,10112000000.0,21866000000.0,10175000000.0,10202000000.0,,,,,
Operating Income,9433,1091172000000.0,951639000000.0,1071179000000.0,1054800000000.0,,,,,
Operating Expense,9433,1417204000000.0,1478894000000.0,1340552000000.0,1407319000000.0,,,,,
Other Operating Expenses,9433,2993000000.0,8165000000.0,3790000000.0,5781000000.0,,,,,
Selling General And Administration,9433,1426974000000.0,1503680000000.0,1408391000000.0,1422539000000.0,,,,,
General And Administrative Expense,9433,1426974000000.0,1503680000000.0,1408391000000.0,1422539000000.0,,,,,
Gross Profit,9433,2508376000000.0,2430533000000.0,2411731000000.0,2462119000000.0,,,,,
Cost Of Revenue,9433,3409577000000.0,3323514000000.0,3260030000000.0,2984589000000.0,,,,,
Total Revenue,9433,5917953000000.0,5754047000000.0,5671762000000.0,5446708000000.0,,,,,
Operating Revenue,9433,5917953000000.0,5754047000000.0,5671762000000.0,5446708000000.0,,,,,
Tax Effect Of Unusual Items,9501,-10360572000.0,-13303440000.0,40247824000.0,-5496544000.0,,,,,
Tax Rate For Calcs,9501,0.186,0.108,0.232,0.232,,,,,
Normalized EBITDA,9501,691581000000.0,841691000000.0,104034000000.0,498868000000.0,,,,,
Total Unusual Items,9501,-55702000000.0,-123180000000.0,173482000000.0,-23692000000.0,,,,,
Total Unusual Items Excluding Goodwill,9501,-55702000000.0,-123180000000.0,173482000000.0,-23692000000.0,,,,,
Net Income From Continuing Operation Net Minority Interest,9501,161278000000.0,267850000000.0,-123631000000.0,2916000000.0,,,,,
Reconciled Depreciation,9501,367517000000.0,358207000000.0,341145000000.0,419203000000.0,,,,,
Reconciled Cost Of Revenue,9501,6575938000000.0,6639532000000.0,8341195000000.0,5263693000000.0,,,,,
EBITDA,9501,635879000000.0,718511000000.0,277516000000.0,475176000000.0,,,,,
EBIT,9501,268362000000.0,360304000000.0,-63629000000.0,55973000000.0,,,,,
Net Interest Income,9501,-66666000000.0,-57050000000.0,-48003000000.0,-44258000000.0,,,,,
Interest Expense,9501,69621000000.0,57959000000.0,48282000000.0,44622000000.0,,,,,
Interest Income,9501,2955000000.0,909000000.0,279000000.0,364000000.0,,,,,
Normalized Income,9501,206619428000.0,377726560000.0,-256865176000.0,21111456000.0,,,,,
Net Income From Continuing And Discontinued Operation,9501,161278000000.0,267850000000.0,-123631000000.0,2916000000.0,,,,,
Total Expenses,9501,6575938000000.0,6639532000000.0,8341195000000.0,5263693000000.0,,,,,
Total Operating Income As Reported,9501,234452000000.0,278856000000.0,-228969000000.0,46230000000.0,,,,,
Diluted Average Shares,9501,1602046290.0,1602165331.0,1602158547.0,1602180000.0,,,,,
Basic Average Shares,9501,1602046290.0,1602165331.0,1602158547.0,1602180000.0,,,,,
Diluted EPS,9501,100.67,167.18,-77.17,0.58,,,,,
Basic EPS,9501,100.67,167.18,-77.17,1.82,,,,,
Diluted NI Availto Com Stockholders,9501,161278000000.0,267850000000.0,-123631000000.0,2916000000.0,,,,,
Net Income Common Stockholders,9501,161278000000.0,267850000000.0,-123631000000.0,2916000000.0,,,,,
Otherunder Preferred Stock Dividend,9501,0.0,0.0,0.0,0.0,,,,,
Net Income,9501,161278000000.0,267850000000.0,-123631000000.0,2916000000.0,,,,,
Minority Interests,9501,-568000000.0,-1757000000.0,-601000000.0,-860000000.0,,,,,
Net Income Including Noncontrolling Interests,9501,161846000000.0,269607000000.0,-123029000000.0,3777000000.0,,,,,
Net Income Continuous Operations,9501,161847000000.0,269608000000.0,-123029000000.0,3777000000.0,,,,,
Tax Provision,9501,36894000000.0,32737000000.0,11118000000.0,7574000000.0,,,,,
Pretax Income,9501,198741000000.0,302345000000.0,-111911000000.0,11351000000.0,,,,,
Other Non Operating Income Expenses,9501,-14273000000.0,879000000.0,-7947000000.0,-4251000000.0,,,,,
Special Income Charges,9501,-55702000000.0,-123180000000.0,173482000000.0,-23692000000.0,,,,,
Other Special Charges,9501,55702000000.0,123180000000.0,-163997000000.0,22651000000.0,,,,,
Write Off,9501,,0.0,-9485000000.0,1041000000.0,870000000.0,,,,
Net Non Operating Interest Income Expense,9501,-66666000000.0,-57050000000.0,-48003000000.0,-44258000000.0,,,,,
Interest Expense Non Operating,9501,69621000000.0,57959000000.0,48282000000.0,44622000000.0,,,,,
Interest Income Non Operating,9501,2955000000.0,909000000.0,279000000.0,364000000.0,,,,,
Operating Income,9501,234453000000.0,278856000000.0,-228970000000.0,46230000000.0,,,,,
Gross Profit,9501,234453000000.0,278856000000.0,-228970000000.0,46230000000.0,,,,,
Cost Of Revenue,9501,6575938000000.0,6639532000000.0,8341195000000.0,5263693000000.0,,,,,
Total Revenue,9501,6810391000000.0,6918388000000.0,8112225000000.0,5309923000000.0,,,,,
Operating Revenue,9501,6810391000000.0,6918388000000.0,8112225000000.0,5309923000000.0,,,,,
Tax Effect Of Unusual Items,9502,-1546272000.0,-612612000.0,891344000.0,1442869471.364648,,,,,
Tax Rate For Calcs,9502,0.224,0.187,0.232,0.097183,,,,,
Normalized EBITDA,9502,471139000000.0,702917000000.0,240965000000.0,148821000000.0,,,,,
Total Unusual Items,9502,-6903000000.0,-3276000000.0,3842000000.0,14847000000.0,,,,,
Total Unusual Items Excluding Goodwill,9502,-6903000000.0,-3276000000.0,3842000000.0,14847000000.0,,,,,
Net Income From Continuing Operation Net Minority Interest,9502,202087000000.0,403140000000.0,38231000000.0,-43022000000.0,,,,,
Reconciled Depreciation,9502,170881000000.0,172046000000.0,155927000000.0,189154000000.0,,,,,
Reconciled Cost Of Revenue,9502,3427188000000.0,3267074000000.0,3879591000000.0,2758992000000.0,,,,,
EBITDA,9502,464236000000.0,699641000000.0,244807000000.0,163668000000.0,,,,,
EBIT,9502,293355000000.0,527595000000.0,88880000000.0,-25486000000.0,,,,,
Net Interest Income,9502,-23287000000.0,-21357000000.0,-19558000000.0,-18675000000.0,,,,,
Interest Expense,9502,23859000000.0,21576000000.0,19889000000.0,18987000000.0,,,,,
Interest Income,9502,572000000.0,219000000.0,331000000.0,312000000.0,,,,,
Normalized Income,9502,207443728000.0,405803388000.0,35280344000.0,-56426130528.63535,,,,,
Net Income From Continuing And Discontinued Operation,9502,202087000000.0,403140000000.0,38231000000.0,-43022000000.0,,,,,
Total Expenses,9502,3427188000000.0,3267074000000.0,3879591000000.0,2758992000000.0,,,,,
Total Operating Income As Reported,9502,242045000000.0,343339000000.0,107089000000.0,-53830000000.0,,,,,
Diluted Average Shares,9502,,756109053.0,756300692.0,756156000.0,756232000.0,,,,
Basic Average Shares,9502,755719681.0,756109053.0,756147930.0,756156000.0,,,,,
Diluted EPS,9502,,533.177057,50.55,-56.9,194.65,,,,
Basic EPS,9502,,533.177057,50.56,-56.9,194.65,,,,
Diluted NI Availto Com Stockholders,9502,202087000000.0,403140000000.0,38231000000.0,-43022000000.0,,,,,
Net Income Common Stockholders,9502,202087000000.0,403140000000.0,38231000000.0,-43022000000.0,,,,,
Otherunder Preferred Stock Dividend,9502,0.0,0.0,0.0,0.0,,,,,
Net Income,9502,202087000000.0,403140000000.0,38231000000.0,-43022000000.0,,,,,
Minority Interests,9502,-7049000000.0,-8006000000.0,354000000.0,-2872000000.0,,,,,
Net Income Including Noncontrolling Interests,9502,209137000000.0,411146000000.0,37876000000.0,-40150000000.0,,,,,
Net Income Continuous Operations,9502,209137000000.0,411147000000.0,37877000000.0,-40151000000.0,,,,,
Tax Provision,9502,60359000000.0,94872000000.0,31114000000.0,-4322000000.0,,,,,
Pretax Income,9502,269496000000.0,506019000000.0,68991000000.0,-44473000000.0,,,,,
Other Non Operating Income Expenses,9502,-4638000000.0,-2892000000.0,-12677000000.0,4832000000.0,,,,,
Special Income Charges,9502,-502000000.0,-12484000000.0,-41476000000.0,14847000000.0,,,,,
Other Special Charges,9502,,26000000.0,27555000000.0,5510000000.0,,,,,
Write Off,9502,502000000.0,12458000000.0,13921000000.0,-20357000000.0,,,,,
Net Non Operating Interest Income Expense,9502,-23287000000.0,-21357000000.0,-19558000000.0,-18675000000.0,,,,,
Interest Expense Non Operating,9502,23859000000.0,21576000000.0,19889000000.0,18987000000.0,,,,,
Interest Income Non Operating,9502,572000000.0,219000000.0,331000000.0,312000000.0,,,,,
Operating Income,9502,242045000000.0,343340000000.0,107090000000.0,-53831000000.0,,,,,
Gross Profit,9502,242045000000.0,343340000000.0,107090000000.0,-53831000000.0,,,,,
Cost Of Revenue,9502,3427188000000.0,3267074000000.0,3879591000000.0,2758992000000.0,,,,,
Total Revenue,9502,3669233000000.0,3610414000000.0,3986681000000.0,2705161000000.0,,,,,
Operating Revenue,9502,3669233000000.0,3610414000000.0,3986681000000.0,2705161000000.0,,,,,
Tax Effect Of Unusual Items,9503,15155285000.0,-37474500000.0,194184000.0,-3024723834.147276,,,,,
Tax Rate For Calcs,9503,0.241,0.3,0.232,0.284305,,,,,
Normalized EBITDA,9503,939827000000.0,1155580000000.0,343741000000.0,478639000000.0,,,,,
Total Unusual Items,9503,62885000000.0,-124915000000.0,837000000.0,-10639000000.0,,,,,
Total Unusual Items Excluding Goodwill,9503,62885000000.0,-124915000000.0,837000000.0,-10639000000.0,,,,,
Net Income From Continuing Operation Net Minority Interest,9503,420364000000.0,441870000000.0,17679000000.0,85835000000.0,,,,,
Reconciled Depreciation,9503,373102000000.0,360552000000.0,326082000000.0,322516000000.0,,,,,
Reconciled Cost Of Revenue,9503,3868234000000.0,3330441000000.0,4003939000000.0,2752568000000.0,,,,,
EBITDA,9503,1002712000000.0,1030665000000.0,344578000000.0,468000000000.0,,,,,
EBIT,9503,629610000000.0,670113000000.0,18496000000.0,145484000000.0,,,,,
Net Interest Income,9503,-26056000000.0,-23006000000.0,-22179000000.0,-19020000000.0,,,,,
Interest Expense,9503,35038000000.0,29059000000.0,24324000000.0,20168000000.0,,,,,
Interest Income,9503,8982000000.0,6053000000.0,2145000000.0,1148000000.0,,,,,
Normalized Income,9503,372634285000.0,529310500000.0,17036184000.0,93449276165.85272,,,,,
Net Income From Continuing And Discontinued Operation,9503,420364000000.0,441870000000.0,17679000000.0,85835000000.0,,,,,
Total Expenses,9503,3868234000000.0,3330441000000.0,4003939000000.0,2752568000000.0,,,,,
Total Operating Income As Reported,9503,468877000000.0,728935000000.0,-52056000000.0,99325000000.0,,,,,
Diluted Average Shares,9503,963938637.0,892504393.0,892501269.0,892826254.0,,,,,
Basic Average Shares,9503,963938637.0,892504393.0,892501269.0,892826254.0,,,,,
Diluted EPS,9503,436.09,495.09,19.81,96.14,,,,,
Basic EPS,9503,436.09,495.09,19.81,96.14,,,,,
Diluted NI Availto Com Stockholders,9503,420364000000.0,441870000000.0,17679000000.0,85835000000.0,,,,,
Net Income Common Stockholders,9503,420364000000.0,441870000000.0,17679000000.0,85835000000.0,,,,,
Otherunder Preferred Stock Dividend,9503,0.0,0.0,0.0,0.0,,,,,
Net Income,9503,420364000000.0,441870000000.0,17679000000.0,85835000000.0,,,,,
Minority Interests,9503,-30772000000.0,-6569000000.0,-3134000000.0,-3852000000.0,,,,,
Net Income Including Noncontrolling Interests,9503,451137000000.0,448440000000.0,20814000000.0,89688000000.0,,,,,
Net Income Continuous Operations,9503,451137000000.0,448440000000.0,20815000000.0,89688000000.0,,,,,
Tax Provision,9503,143435000000.0,192614000000.0,-26643000000.0,35628000000.0,,,,,
Pretax Income,9503,594572000000.0,641054000000.0,-5828000000.0,125316000000.0,,,,,
Other Non Operating Income Expenses,9503,38681000000.0,8532000000.0,20393000000.0,32143000000.0,,,,,
Special Income Charges,9503,62885000000.0,-124915000000.0,837000000.0,-10639000000.0,,,,,
Other Special Charges,9503,-61412000000.0,126495000000.0,,10773000000.0,-4400000000.0,,,,
Write Off,9503,-1473000000.0,-1580000000.0,-837000000.0,-134000000.0,,,,,
Net Non Operating Interest Income Expense,9503,-26056000000.0,-23006000000.0,-22179000000.0,-19020000000.0,,,,,
Interest Expense Non Operating,9503,35038000000.0,29059000000.0,24324000000.0,20168000000.0,,,,,
Interest Income Non Operating,9503,8982000000.0,6053000000.0,2145000000.0,1148000000.0,,,,,
Operating Income,9503,468877000000.0,728936000000.0,-52056000000.0,99326000000.0,,,,,
Gross Profit,9503,468877000000.0,728936000000.0,-52056000000.0,99326000000.0,,,,,
Cost Of Revenue,9503,3868234000000.0,3330441000000.0,4003939000000.0,2752568000000.0,,,,,
Total Revenue,9503,4337111000000.0,4059377000000.0,3951883000000.0,2851894000000.0,,,,,
Operating Revenue,9503,4337111000000.0,4059377000000.0,3951883000000.0,2851894000000.0,,,,,
Tax Effect Of Unusual Items,9684,-780985500.0,-3894226200.0,795176500.0,662752500.0,,,,,
Tax Rate For Calcs,9684,0.3819,0.1674,0.1565,0.2733,,,,,
Normalized EBITDA,9684,50293000000.0,48942000000.0,60343000000.0,75542000000.0,,,,,
Total Unusual Items,9684,-2045000000.0,-23263000000.0,5081000000.0,2425000000.0,,,,,
Total Unusual Items Excluding Goodwill,9684,-2045000000.0,-23263000000.0,5081000000.0,2425000000.0,,,,,
Net Income From Continuing Operation Net Minority Interest,9684,24414000000.0,14912000000.0,49264000000.0,51013000000.0,,,,,
Reconciled Depreciation,9684,8463000000.0,7557000000.0,6921000000.0,7594000000.0,,,,,
Reconciled Cost Of Revenue,9684,161840000000.0,188975000000.0,167377000000.0,169960000000.0,,,,,
EBITDA,9684,48248000000.0,25679000000.0,65424000000.0,77967000000.0,,,,,
EBIT,9684,39785000000.0,18122000000.0,58503000000.0,70373000000.0,,,,,
Net Interest Income,9684,2138000000.0,1363000000.0,642000000.0,-49000000.0,,,,,
Interest Expense,9684,243000000.0,187000000.0,72000000.0,150000000.0,,,,,
Interest Income,9684,2381000000.0,1550000000.0,714000000.0,101000000.0,,,,,
Normalized Income,9684,25678014500.0,34280773800.0,44978176500.0,49250752500.0,,,,,
Net Income From Continuing And Discontinued Operation,9684,24414000000.0,14912000000.0,49264000000.0,51013000000.0,,,,,
Total Expenses,9684,283919000000.0,323779000000.0,298931000000.0,306006000000.0,,,,,
Rent Expense Supplemental,9684,5235000000.0,3174000000.0,3027000000.0,2991000000.0,,,,,
Total Operating Income As Reported,9684,40580000000.0,32558000000.0,44331000000.0,59261000000.0,,,,,
Diluted Average Shares,9684,360141614.0,359903459.0,359652496.0,359288649.0,,,,,
Basic Average Shares,9684,360123906.0,359700892.0,359052000.0,358560000.0,,,,,
Diluted EPS,9684,67.79,41.433333,136.976667,141.983333,,,,,
Basic EPS,9684,67.793333,41.456667,137.206667,142.273333,,,,,
Diluted NI Availto Com Stockholders,9684,24414000000.0,14912000000.0,49264000000.0,51013000000.0,,,,,
Net Income Common Stockholders,9684,24414000000.0,14912000000.0,49264000000.0,51013000000.0,,,,,
Otherunder Preferred Stock Dividend,9684,0.0,0.0,0.0,0.0,,,,,
Net Income,9684,24414000000.0,14912000000.0,49264000000.0,51013000000.0,,,,,
Minority Interests,9684,-26000000.0,-21000000.0,-22000000.0,-17000000.0,,,,,
Net Income Including Noncontrolling Interests,9684,24440000000.0,14933000000.0,49287000000.0,51031000000.0,,,,,
Net Income Continuous Operations,9684,24441000000.0,14934000000.0,49288000000.0,51032000000.0,,,,,
Tax Provision,9684,15101000000.0,3001000000.0,9143000000.0,19191000000.0,,,,,
Pretax Income,9684,39542000000.0,17935000000.0,58431000000.0,70223000000.0,,,,,
Other Non Operating Income Expenses,9684,-1232000000.0,-2026000000.0,-1988000000.0,-1902000000.0,,,,,
Special Income Charges,9684,-2028000000.0,-22246000000.0,4383000000.0,111000000.0,,,,,
Other Special Charges,9684,1352000000.0,22241000000.0,-4456000000.0,-220000000.0,,,,,
Write Off,9684,26000000.0,5000000.0,73000000.0,109000000.0,,,,,
Restructuring And Mergern Acquisition,9684,650000000.0,0.0,,0.0,629000000.0,,,,
Net Non Operating Interest Income Expense,9684,2138000000.0,1363000000.0,642000000.0,-49000000.0,,,,,
Interest Expense Non Operating,9684,243000000.0,187000000.0,72000000.0,150000000.0,,,,,
Interest Income Non Operating,9684,2381000000.0,1550000000.0,714000000.0,101000000.0,,,,,
Operating Income,9684,40586000000.0,32565000000.0,44335000000.0,59268000000.0,,,,,
Operating Expense,9684,122079000000.0,134804000000.0,131554000000.0,136046000000.0,,,,,
Other Operating Expenses,9684,12206000000.0,12112000000.0,10353000000.0,10314000000.0,,,,,
Depreciation And Amortization In Income Statement,9684,4015000000.0,3693000000.0,2874000000.0,3153000000.0,,,,,
Depreciation Income Statement,9684,4015000000.0,3693000000.0,2874000000.0,3153000000.0,,,,,
Selling General And Administration,9684,59708000000.0,77261000000.0,81387000000.0,83740000000.0,,,,,
Selling And Marketing Expense,9684,14800000000.0,25444000000.0,25053000000.0,25350000000.0,,,,,
General And Administrative Expense,9684,44908000000.0,51817000000.0,56334000000.0,58390000000.0,,,,,
Rent And Landing Fees,9684,5235000000.0,3174000000.0,3027000000.0,2991000000.0,,,,,
Gross Profit,9684,162665000000.0,167369000000.0,175889000000.0,195314000000.0,,,,,
Cost Of Revenue,9684,161840000000.0,188975000000.0,167377000000.0,169960000000.0,,,,,
Total Revenue,9684,324506000000.0,356344000000.0,343267000000.0,365275000000.0,,,,,
Operating Revenue,9684,324506000000.0,356344000000.0,343267000000.0,365275000000.0,,,,,
Tax Effect Of Unusual Items,9697,4192000.0,-37252000.0,-83472000.0,175826000.0,,,,,
Tax Rate For Calcs,9697,0.262,0.268,0.282,0.266,,,,,
Normalized EBITDA,9697,70390000000.0,63702000000.0,54921000000.0,47095000000.0,,,,,
Total Unusual Items,9697,16000000.0,-139000000.0,-296000000.0,661000000.0,,,,,
Total Unusual Items Excluding Goodwill,9697,16000000.0,-139000000.0,-296000000.0,661000000.0,,,,,
Net Income From Continuing Operation Net Minority Interest,9697,48453000000.0,43374000000.0,36737000000.0,32553000000.0,,,,,
Reconciled Depreciation,9697,4675000000.0,4221000000.0,3438000000.0,3385000000.0,,,,,
Reconciled Cost Of Revenue,9697,70846000000.0,67755000000.0,52110000000.0,48736000000.0,,,,,
EBITDA,9697,70406000000.0,63563000000.0,54625000000.0,47756000000.0,,,,,
EBIT,9697,65731000000.0,59342000000.0,51187000000.0,44371000000.0,,,,,
Net Interest Income,9697,1038000000.0,1099000000.0,352000000.0,-9000000.0,,,,,
Interest Expense,9697,80000000.0,60000000.0,44000000.0,49000000.0,,,,,
Interest Income,9697,1118000000.0,1159000000.0,396000000.0,40000000.0,,,,,
Normalized Income,9697,48441192000.0,43475748000.0,36949528000.0,32067826000.0,,,,,
Net Income From Continuing And Discontinued Operation,9697,48453000000.0,43374000000.0,36737000000.0,32553000000.0,,,,,
Total Expenses,9697,103826000000.0,95327000000.0,75116000000.0,67144000000.0,,,,,
Total Operating Income As Reported,9697,65777000000.0,57081000000.0,50812000000.0,42909000000.0,,,,,
Diluted Average Shares,9697,418275207.0,418239040.0,420507000.0,426998000.0,,,,,
Basic Average Shares,9697,418254000.0,418239040.0,420507000.0,426998000.0,,,,,
Diluted EPS,9697,115.84,103.706244,87.36,76.24,,,,,
Basic EPS,9697,115.85,103.706244,87.36,76.24,,,,,
Diluted NI Availto Com Stockholders,9697,48453000000.0,43374000000.0,36737000000.0,32553000000.0,,,,,
Net Income Common Stockholders,9697,48453000000.0,43374000000.0,36737000000.0,32553000000.0,,,,,
Otherunder Preferred Stock Dividend,9697,0.0,0.0,0.0,0.0,,,,,
Net Income,9697,48453000000.0,43374000000.0,36737000000.0,32553000000.0,,,,,
Minority Interests,9697,7000000.0,0.0,,,,,,,
Net Income Including Noncontrolling Interests,9697,48445000000.0,43374000000.0,36737000000.0,32553000000.0,,,,,
Net Income Continuous Operations,9697,48446000000.0,43374000000.0,36737000000.0,32554000000.0,,,,,
Tax Provision,9697,17205000000.0,15908000000.0,14406000000.0,11768000000.0,,,,,
Pretax Income,9697,65651000000.0,59282000000.0,51143000000.0,44322000000.0,,,,,
Other Non Operating Income Expenses,9697,-1691000000.0,-1089000000.0,-62000000.0,22000000.0,,,,,
Special Income Charges,9697,16000000.0,-534000000.0,-296000000.0,661000000.0,,,,,
Other Special Charges,9697,-16000000.0,34000000.0,106000000.0,-661000000.0,,,,,
Write Off,9697,,0.0,190000000.0,0.0,,,,,
Restructuring And Mergern Acquisition,9697,0.0,500000000.0,0.0,0.0,,,,,
Net Non Operating Interest Income Expense,9697,1038000000.0,1099000000.0,352000000.0,-9000000.0,,,,,
Interest Expense Non Operating,9697,80000000.0,60000000.0,44000000.0,49000000.0,,,,,
Interest Income Non Operating,9697,1118000000.0,1159000000.0,396000000.0,40000000.0,,,,,
Operating Income,9697,65777000000.0,57082000000.0,50813000000.0,42909000000.0,,,,,
Operating Expense,9697,32980000000.0,27572000000.0,23006000000.0,18408000000.0,,,,,
Gross Profit,9697,98757000000.0,84654000000.0,73819000000.0,61317000000.0,,,,,
Cost Of Revenue,9697,70846000000.0,67755000000.0,52110000000.0,48736000000.0,,,,,
Total Revenue,9697,169604000000.0,152410000000.0,125930000000.0,110054000000.0,,,,,
Operating Revenue,9697,169604000000.0,152410000000.0,125930000000.0,110054000000.0,,,,,
Tax Effect Of Unusual Items,9719,0.0,0.0,0.0,0.0,,,,,
Tax Rate For Calcs,9719,0.289,0.293,0.3,0.3,,,,,
Normalized EBITDA,9719,93150000000.0,80446000000.0,74554000000.0,68783000000.0,,,,,
Net Income From Continuing Operation Net Minority Interest,9719,45035000000.0,40461000000.0,37301000000.0,33470000000.0,,,,,
Reconciled Depreciation,9719,24866000000.0,21433000000.0,20629000000.0,19881000000.0,,,,,
Reconciled Cost Of Revenue,9719,436589000000.0,352336000000.0,328232000000.0,305962000000.0,,,,,
EBITDA,9719,93150000000.0,80446000000.0,74554000000.0,68783000000.0,,,,,
EBIT,9719,68284000000.0,59013000000.0,53925000000.0,48902000000.0,,,,,
Net Interest Income,9719,-1988000000.0,-939000000.0,1062000000.0,-493000000.0,,,,,
Interest Expense,9719,2737000000.0,1554000000.0,589000000.0,587000000.0,,,,,
Interest Income,9719,749000000.0,615000000.0,1651000000.0,94000000.0,,,,,
Normalized Income,9719,45035000000.0,40461000000.0,37301000000.0,33470000000.0,,,,,
Net Income From Continuing And Discontinued Operation,9719,45035000000.0,40461000000.0,37301000000.0,33470000000.0,,,,,
Total Expenses,9719,529943000000.0,423302000000.0,394550000000.0,366594000000.0,,,,,
Total Operating Income As Reported,9719,66121000000.0,57004000000.0,51361000000.0,47555000000.0,,,,,
Diluted Average Shares,9719,312526024.0,312416030.0,312309327.0,312221214.0,,,,,
Basic Average Shares,9719,312526024.0,312416030.0,312309327.0,312221214.0,,,,,
Diluted EPS,9719,,129.51,119.44,107.2,107.09,,,,
Basic EPS,9719,,129.51,119.44,107.2,107.09,,,,
Diluted NI Availto Com Stockholders,9719,45035000000.0,40461000000.0,37301000000.0,33470000000.0,,,,,
Net Income Common Stockholders,9719,45035000000.0,40461000000.0,37301000000.0,33470000000.0,,,,,
Otherunder Preferred Stock Dividend,9719,0.0,0.0,0.0,0.0,,,,,
Net Income,9719,45035000000.0,40461000000.0,37301000000.0,33470000000.0,,,,,
Minority Interests,9719,-1459000000.0,-123000000.0,-35000000.0,-28000000.0,,,,,
Net Income Including Noncontrolling Interests,9719,46495000000.0,40584000000.0,37337000000.0,33498000000.0,,,,,
Net Income Continuous Operations,9719,46495000000.0,40585000000.0,37337000000.0,33499000000.0,,,,,
Tax Provision,9719,19052000000.0,16874000000.0,15999000000.0,14816000000.0,,,,,
Pretax Income,9719,65547000000.0,57459000000.0,53336000000.0,48315000000.0,,,,,
Net Non Operating Interest Income Expense,9719,-1988000000.0,-939000000.0,1062000000.0,-493000000.0,,,,,
Interest Expense Non Operating,9719,2737000000.0,1554000000.0,589000000.0,587000000.0,,,,,
Interest Income Non Operating,9719,749000000.0,615000000.0,1651000000.0,94000000.0,,,,,
Operating Income,9719,66122000000.0,57005000000.0,51361000000.0,47555000000.0,,,,,
Operating Expense,9719,93354000000.0,70966000000.0,66318000000.0,60632000000.0,,,,,
Other Operating Expenses,9719,3444000000.0,682000000.0,288000000.0,167000000.0,,,,,
Selling General And Administration,9719,91515000000.0,70940000000.0,66491000000.0,60780000000.0,,,,,
General And Administrative Expense,9719,91515000000.0,70940000000.0,66491000000.0,60780000000.0,,,,,
Gross Profit,9719,159476000000.0,127971000000.0,117679000000.0,108187000000.0,,,,,
Cost Of Revenue,9719,436589000000.0,352336000000.0,328232000000.0,305962000000.0,,,,,
Total Revenue,9719,596065000000.0,480307000000.0,445912000000.0,414150000000.0,,,,,
Operating Revenue,9719,596065000000.0,480307000000.0,445912000000.0,414150000000.0,,,,,
Tax Effect Of Unusual Items,9735,-694199000.0,-1720444539.431502,-923461487.803765,-928953365.830554,,,,,
Tax Rate For Calcs,9735,0.283,0.302629,0.308026,0.304375,,,,,
Normalized EBITDA,9735,255874000000.0,242297000000.0,226174000000.0,223362000000.0,,,,,
Total Unusual Items,9735,-2453000000.0,-5685000000.0,-2998000000.0,-3052000000.0,,,,,
Total Unusual Items Excluding Goodwill,9735,-2453000000.0,-5685000000.0,-2998000000.0,-3052000000.0,,,,,
Net Income From Continuing Operation Net Minority Interest,9735,108109000000.0,101951000000.0,96085000000.0,94273000000.0,,,,,
Reconciled Depreciation,9735,77242000000.0,71781000000.0,68940000000.0,67460000000.0,,,,,
Reconciled Cost Of Revenue,9735,828789000000.0,797456000000.0,758850000000.0,712187000000.0,,,,,
EBITDA,9735,253421000000.0,236612000000.0,223176000000.0,220310000000.0,,,,,
EBIT,9735,176179000000.0,164831000000.0,154236000000.0,152850000000.0,,,,,
Net Interest Income,9735,2390000000.0,1683000000.0,726000000.0,393000000.0,,,,,
Interest Expense,9735,1311000000.0,1066000000.0,869000000.0,837000000.0,,,,,
Interest Income,9735,3701000000.0,2749000000.0,1595000000.0,1230000000.0,,,,,
Normalized Income,9735,109867801000.0,105915555460.5685,98159538512.19623,96396046634.16945,,,,,
Net Income From Continuing And Discontinued Operation,9735,108109000000.0,101951000000.0,96085000000.0,94273000000.0,,,,,
Total Expenses,9735,1055636000000.0,1014073000000.0,964600000000.0,906355000000.0,,,,,
Rent Expense Supplemental,9735,13269000000.0,12699000000.0,12511000000.0,11757000000.0,,,,,
Total Operating Income As Reported,9735,144297000000.0,140658000000.0,136700000000.0,143499000000.0,,,,,
Diluted Average Shares,9735,448547838.0,422998091.0,431830510.0,437190762.0,,,,,
Basic Average Shares,9735,448547838.0,422998091.0,431830510.0,437190762.0,,,,,
Diluted EPS,9735,241.02,241.02,222.51,215.635,,,,,
Basic EPS,9735,241.02,241.02,222.51,215.635,,,,,
Diluted NI Availto Com Stockholders,9735,108109000000.0,101951000000.0,96085000000.0,94273000000.0,,,,,
Net Income Common Stockholders,9735,108109000000.0,101951000000.0,96085000000.0,94273000000.0,,,,,
Otherunder Preferred Stock Dividend,9735,0.0,0.0,0.0,0.0,,,,,
Net Income,9735,108109000000.0,101951000000.0,96085000000.0,94273000000.0,,,,,
Minority Interests,9735,-17197000000.0,-12253000000.0,-10040000000.0,-11470000000.0,,,,,
Net Income Including Noncontrolling Interests,9735,125306000000.0,114204000000.0,106126000000.0,105744000000.0,,,,,
Net Income Continuous Operations,9735,125307000000.0,114205000000.0,106126000000.0,105744000000.0,,,,,
Tax Provision,9735,49561000000.0,49560000000.0,47241000000.0,46269000000.0,,,,,
Pretax Income,9735,174868000000.0,163765000000.0,153367000000.0,152013000000.0,,,,,
Other Non Operating Income Expenses,9735,-207000000.0,1633000000.0,2763000000.0,986000000.0,,,,,
Special Income Charges,9735,-2289000000.0,-4519000000.0,-3975000000.0,-3415000000.0,,,,,
Other Special Charges,9735,-595000000.0,1543000000.0,782000000.0,3287000000.0,,,,,
Write Off,9735,2884000000.0,2976000000.0,3193000000.0,128000000.0,,,,,
Impairment Of Capital Assets,9735,,,,,582000000.0,,,,
Restructuring And Mergern Acquisition,9735,,,,,-120000000.0,,,,
Net Non Operating Interest Income Expense,9735,2390000000.0,1683000000.0,726000000.0,393000000.0,,,,,
Interest Expense Non Operating,9735,1311000000.0,1066000000.0,869000000.0,837000000.0,,,,,
Interest Income Non Operating,9735,3701000000.0,2749000000.0,1595000000.0,1230000000.0,,,,,
Operating Income,9735,144306000000.0,140667000000.0,136706000000.0,143504000000.0,,,,,
Operating Expense,9735,226847000000.0,216617000000.0,205750000000.0,194168000000.0,,,,,
Other Operating Expenses,9735,60067000000.0,56347000000.0,51282000000.0,48388000000.0,,,,,
Depreciation And Amortization In Income Statement,9735,19179000000.0,17808000000.0,16767000000.0,15289000000.0,,,,,
Amortization,9735,6641000000.0,6571000000.0,6426000000.0,5598000000.0,,,,,
Depreciation Income Statement,9735,12538000000.0,11237000000.0,10341000000.0,9691000000.0,,,,,
Selling General And Administration,9735,9776000000.0,10193000000.0,10129000000.0,9453000000.0,,,,,
Selling And Marketing Expense,9735,5218000000.0,5700000000.0,5759000000.0,5296000000.0,,,,,
General And Administrative Expense,9735,4558000000.0,4493000000.0,4370000000.0,4157000000.0,,,,,
Rent And Landing Fees,9735,13269000000.0,12699000000.0,12511000000.0,11757000000.0,,,,,
Gross Profit,9735,371153000000.0,357284000000.0,342456000000.0,337672000000.0,,,,,
Cost Of Revenue,9735,828789000000.0,797456000000.0,758850000000.0,712187000000.0,,,,,
Total Revenue,9735,1199942000000.0,1154740000000.0,1101307000000.0,1049859000000.0,,,,,
Operating Revenue,9735,1199942000000.0,1154740000000.0,1101307000000.0,1049859000000.0,,,,,
Tax Effect Of Unusual Items,9983,,,,,,0.0,0.0,0.0,0.0
Tax Rate For Calcs,9983,,,,,,0.294234,0.293603,0.280294,0.116
Normalized EBITDA,9983,,,,,,879900000000.0,772690000000.0,634678000000.0,601419000000.0
Net Income From Continuing Operation Net Minority Interest,9983,,,,,,433010000000.0,372000000000.0,296230000000.0,273335000000.0
Reconciled Depreciation,9983,,,,,,216492000000.0,204388000000.0,186872000000.0,180275000000.0
Reconciled Cost Of Revenue,9983,,,,,,1571681000000.0,1430764000000.0,1330196000000.0,1094263000000.0
EBITDA,9983,,,,,,879900000000.0,772690000000.0,634678000000.0,601419000000.0
EBIT,9983,,,,,,663408000000.0,568302000000.0,447806000000.0,421144000000.0
Net Interest Income,9983,,,,,,86309000000.0,56298000000.0,56828000000.0,116260000000.0
Interest Expense,9983,,,,,,12834000000.0,11101000000.0,9888000000.0,7560000000.0
Interest Income,9983,,,,,,99143000000.0,67399000000.0,66716000000.0,123820000000.0
Normalized Income,9983,,,,,,433010000000.0,372000000000.0,296230000000.0,273335000000.0
Net Income From Continuing And Discontinued Operation,9983,,,,,,433010000000.0,372000000000.0,296230000000.0,273335000000.0
Total Expenses,9983,,,,,,2837978000000.0,2604349000000.0,2386605000000.0,2004857000000.0
Total Operating Income As Reported,9983,,,,,,564265000000.0,500904000000.0,381090000000.0,297325000000.0
Diluted Average Shares,9983,,,,,,307246757.0,307231523.0,307138562.0,306969666.0
Basic Average Shares,9983,,,,,,306785269.0,306707176.0,306628124.0,306510285.0
Diluted EPS,9983,,,,,,1409.32,1210.81,964.48,890.43
Basic EPS,9983,,,,,,1411.44,1212.88,966.09,891.77
Diluted NI Availto Com Stockholders,9983,,,,,,433009000000.0,371999000000.0,296229000000.0,273335000000.0
Net Income Common Stockholders,9983,,,,,,433009000000.0,371999000000.0,296229000000.0,273335000000.0
Otherunder Preferred Stock Dividend,9983,,,,,,1000000.0,1000000.0,1000000.0,0.0
Net Income,9983,,,,,,433010000000.0,372000000000.0,296230000000.0,273335000000.0
Minority Interests,9983,,,,,,-26143000000.0,-21605000000.0,-18941000000.0,-11415000000.0
Net Income Including Noncontrolling Interests,9983,,,,,,459153000000.0,393605000000.0,315171000000.0,284750000000.0
Net Income Continuous Operations,9983,,,,,,459153000000.0,393605000000.0,315172000000.0,284750000000.0
Tax Provision,9983,,,,,,191421000000.0,163596000000.0,122746000000.0,128834000000.0
Pretax Income,9983,,,,,,650574000000.0,557201000000.0,437918000000.0,413584000000.0
Net Non Operating Interest Income Expense,9983,,,,,,86309000000.0,56298000000.0,56828000000.0,116260000000.0
Interest Expense Non Operating,9983,,,,,,12834000000.0,11101000000.0,9888000000.0,7560000000.0
Interest Income Non Operating,9983,,,,,,99143000000.0,67399000000.0,66716000000.0,123820000000.0
Operating Income,9983,,,,,,562561000000.0,499486000000.0,379951000000.0,296265000000.0
Operating Expense,9983,,,,,,1266297000000.0,1173585000000.0,1056409000000.0,910594000000.0
Other Operating Expenses,9983,,,,,,8087000000.0,6256000000.0,14238000000.0,27391000000.0
Selling General And Administration,9983,,,,,,1277701000000.0,1187713000000.0,1054368000000.0,900154000000.0
General And Administrative Expense,9983,,,,,,1277701000000.0,1187713000000.0,1054368000000.0,900154000000.0
Gross Profit,9983,,,,,,1828858000000.0,1673071000000.0,1436360000000.0,1206859000000.0
Cost Of Revenue,9983,,,,,,1571681000000.0,1430764000000.0,1330196000000.0,1094263000000.0
Total Revenue,9983,,,,,,3400539000000.0,3103836000000.0,2766557000000.0,2301122000000.0
Operating Revenue,9983,,,,,,3400539000000.0,3103836000000.0,2766557000000.0,2301122000000.0
Tax Effect Of Unusual Items,9989,-77963001.216461,-137629044.376045,-135639936.356404,-17787945.205479,,,,,
Tax Rate For Calcs,9989,0.2942,0.294079,0.318404,0.312069,,,,,
Normalized EBITDA,9989,61280000000.0,56888000000.0,50240000000.0,44950000000.0,,,,,
Total Unusual Items,9989,-265000000.0,-468000000.0,-426000000.0,-57000000.0,,,,,
Total Unusual Items Excluding Goodwill,9989,-265000000.0,-468000000.0,-426000000.0,-57000000.0,,,,,
Net Income From Continuing Operation Net Minority Interest,9989,30750000000.0,29126000000.0,25703000000.0,23853000000.0,,,,,
Reconciled Depreciation,9989,17282000000.0,15127000000.0,12068000000.0,10209000000.0,,,,,
Reconciled Cost Of Revenue,9989,597723000000.0,562457000000.0,518516000000.0,492228000000.0,,,,,
EBITDA,9989,61015000000.0,56420000000.0,49814000000.0,44893000000.0,,,,,
EBIT,9989,43733000000.0,41293000000.0,37746000000.0,34684000000.0,,,,,
Net Interest Income,9989,-13000000.0,88000000.0,83000000.0,113000000.0,,,,,
Interest Expense,9989,164000000.0,32000000.0,36000000.0,9000000.0,,,,,
Interest Income,9989,151000000.0,120000000.0,119000000.0,122000000.0,,,,,
Normalized Income,9989,30937036998.78354,29456370955.623955,25993360063.643597,23892212054.79452,,,,,
Net Income From Continuing And Discontinued Operation,9989,30750000000.0,29126000000.0,25703000000.0,23853000000.0,,,,,
Total Expenses,9989,757310000000.0,710776000000.0,653007000000.0,614682000000.0,,,,,
Rent Expense Supplemental,9989,33337000000.0,31383000000.0,29590000000.0,27578000000.0,,,,,
Total Operating Income As Reported,9989,44496000000.0,40996000000.0,37452000000.0,34052000000.0,,,,,
Diluted Average Shares,9989,116962697.0,116939013.0,116927486.0,116920739.0,,,,,
Basic Average Shares,9989,116962697.0,116939013.0,116923310.0,116917653.0,,,,,
Diluted EPS,9989,262.91,249.07,219.82,204.01,,,,,
Basic EPS,9989,262.91,249.07,219.83,204.02,,,,,
Diluted NI Availto Com Stockholders,9989,30750000000.0,29126000000.0,25703000000.0,23853000000.0,,,,,
Net Income Common Stockholders,9989,30750000000.0,29126000000.0,25703000000.0,23853000000.0,,,,,
Otherunder Preferred Stock Dividend,9989,0.0,0.0,0.0,0.0,,,,,
Net Income,9989,30750000000.0,29126000000.0,25703000000.0,23853000000.0,,,,,
Minority Interests,9989,,0.0,0.0,0.0,,,,,
Net Income Including Noncontrolling Interests,9989,30750000000.0,29126000000.0,25703000000.0,23853000000.0,,,,,
Net Income Continuous Operations,9989,30751000000.0,29127000000.0,25703000000.0,23854000000.0,,,,,
Tax Provision,9989,12818000000.0,12134000000.0,12007000000.0,10821000000.0,,,,,
Pretax Income,9989,43569000000.0,41261000000.0,37710000000.0,34675000000.0,,,,,
Other Non Operating Income Expenses,9989,908000000.0,635000000.0,594000000.0,563000000.0,,,,,
Special Income Charges,9989,-463000000.0,-468000000.0,-426000000.0,-57000000.0,,,,,
Other Special Charges,9989,37000000.0,-13000000.0,-118000000.0,-53000000.0,,,,,
Write Off,9989,426000000.0,481000000.0,544000000.0,110000000.0,,,,,
Net Non Operating Interest Income Expense,9989,-13000000.0,88000000.0,83000000.0,113000000.0,,,,,
Interest Expense Non Operating,9989,164000000.0,32000000.0,36000000.0,9000000.0,,,,,
Interest Income Non Operating,9989,151000000.0,120000000.0,119000000.0,122000000.0,,,,,
Operating Income,9989,44500000000.0,41000000000.0,37455000000.0,34052000000.0,,,,,
Operating Expense,9989,159587000000.0,148319000000.0,134491000000.0,122454000000.0,,,,,
Other Operating Expenses,9989,50031000000.0,47080000000.0,42567000000.0,47762000000.0,,,,,
Depreciation And Amortization In Income Statement,9989,17282000000.0,15012000000.0,12008000000.0,,,,,,
Depreciation Income Statement,9989,17282000000.0,15012000000.0,12008000000.0,,,,,,
Rent And Landing Fees,9989,33337000000.0,31383000000.0,29590000000.0,27578000000.0,,,,,
Gross Profit,9989,204087000000.0,189319000000.0,171946000000.0,156506000000.0,,,,,
Cost Of Revenue,9989,597723000000.0,562457000000.0,518516000000.0,492228000000.0,,,,,
Total Revenue,9989,801811000000.0,751777000000.0,690462000000.0,648734000000.0,,,,,
Operating Revenue,9989,801811000000.0,751777000000.0,690462000000.0,648734000000.0,,,,,
